2964 4380
381 286 385 297 ,
490 239 514 286 A
536 239 815 286 PROPOSAL-THE
835 239 975 285 TABLET.
1096 271 1098 278 a

534 477 564 543 1.
606 472 636 532 Τ
633 471 701 532 ΗΕ
736 469 928 533 TABLET.

641 650 702 694 su.
728 651 751 695 1.
778 637 827 694 12.

167 863 169 873 Α
187 793 277 856 Flete
290 783 375 856 meos
390 797 492 857 casus!
515 794 620 856 tristes
635 794 754 856 redicre
769 794 911 856 tabellae.

227 891 346 952 Infelix
359 892 453 954 hodie
467 892 574 954 littera
587 912 676 973 posse
691 895 794 971 negat.

188 987 304 1050 Omina
318 993 394 1050 sunt
408 989 537 1071 aliquid.
584 989 679 1051 Modo
694 1009 767 1050 cum
782 989 943 1050 discedere
956 990 1059 1064 vellet,

227 1088 267 1148 ad
282 1089 378 1150 limen
393 1089 509 1169 digitos
523 1088 641 1150 restitit
655 1088 718 1149 icta
733 1088 834 1168 Nape.

187 1184 284 1246 Missa
297 1187 382 1247 foras
395 1185 511 1248 iterum
525 1187 624 1246 limen
639 1185 773 1247 transire
786 1189 946 1247 memento

227 1282 361 1358 cautius,
378 1288 472 1365 atque
486 1285 549 1346 alte
563 1283 665 1345 sobria
679 1285 761 1345 ferre
775 1284 899 1365 pedem.

187 1380 236 1442 Ite
251 1381 337 1456 hinc,
353 1382 506 1457 difficiles,
523 1381 670 1443 funebria
683 1381 781 1462 ligna,
797 1381 940 1456 tabellae,

227 1482 326 1560 tuque
342 1481 504 1560 negaturis
518 1500 589 1541 cera
602 1481 719 1541 referta
733 1479 826 1553 notis,

187 1595 293 1656 quam,
309 1581 398 1658 puto,
415 1578 455 1638 de
468 1577 581 1658 longae
595 1577 759 1639 collectam
773 1578 848 1638 flore
862 1577 983 1638 cicutae

227 1675 319 1736 melle
334 1676 392 1736 sub
405 1675 518 1736 infami
535 1674 660 1736 Corsica
673 1674 761 1734 misit
775 1675 852 1755 apis.

187 1771 233 1832 At
247 1776 419 1854 tamquam,
436 1773 535 1834 minio
549 1772 678 1854 penitus
691 1771 857 1842 medicata,
874 1772 1016 1832 rubebas.

228 1868 286 1930 Ille
301 1870 386 1931 color
398 1890 469 1932 vere
484 1871 749 1952 sanguinulentus
763 1875 841 1931 erat.

188 1965 347 2028 Proiectae
361 1967 463 2028 triviis
477 1967 612 2041 iaceatis,
629 1967 744 2029 inutile
757 1967 893 2048 lignum,

227 2083 342 2144 vosque
357 2067 442 2126 rotae
456 2066 584 2145 frangat
597 2064 827 2145 praetereuntis
842 2085 930 2126 onus.

58 2184 60 2188 ·
187 2160 285 2222 Illum
300 2162 405 2236 etiam,
424 2161 477 2242 qui
492 2182 546 2223 vos
560 2182 598 2224 ex
612 2163 721 2223 arbore
735 2162 831 2222 vertit
845 2162 880 2222 in
894 2182 999 2236 usum,

227 2259 412 2320 convincam
426 2279 521 2340 puras
535 2279 599 2320 non
613 2259 758 2320 habuisse
773 2279 894 2320 manus.

188 2355 338 2416 Praebuit
352 2356 407 2418 illa
420 2357 513 2418 arbor
525 2357 639 2418 misero
654 2357 823 2436 suspendia
837 2357 932 2417 collo:

228 2453 368 2514 carnifici
382 2454 466 2514 diras
480 2453 627 2534 praebuit
641 2453 695 2514 illa
709 2473 831 2514 cruces:

187 2549 242 2611 1111
255 2550 345 2612 dedit
359 2555 468 2631 turpes
482 2551 584 2612 raucis
598 2550 777 2612 bubonibus
790 2551 931 2612 umbras:

227 2647 364 2709 vulturis
378 2647 412 2709 in
427 2648 521 2709 ramis
536 2653 567 2709 et
582 2648 687 2728 strigis
702 2669 760 2709 ova
774 2649 860 2709 tulit.

187 2744 249 2805 His
262 2765 319 2825 ego
333 2745 476 2806 commisi
490 2751 613 2807 nostros
628 2745 757 2806 insanus
770 2765 900 2819 amores,

228 2843 396 2927 molliaque
411 2843 451 2904 ad
466 2843 628 2904 dominam
644 2843 737 2904 verba
750 2843 881 2904 terenda
895 2843 993 2904 dedi?

187 2939 306 3021 Aptius
319 2940 378 3001 hae
392 2941 519 3021 capiant
533 2941 713 3002 vadimonia
727 2940 853 3019 garrula
867 2961 965 3014 cerae,

229 3055 305 3119 quas
318 3038 433 3119 aliquis
447 3039 527 3100 duro
542 3039 685 3119 cognitor
700 3058 751 3099 ore
766 3039 859 3117 legat.

188 3136 278 3197 Inter
292 3137 509 3216 ephemeridas
522 3137 635 3198 melius
649 3137 833 3217 tabulasque
847 3135 997 3211 iacerent,

152 3274 155 3278 .
228 3233 263 3295 in
278 3234 391 3314 quibus
405 3235 586 3315 absumptas
600 3236 689 3296 fleret
703 3254 815 3296 avarus
829 3254 910 3314 opes.

99 3396 101 3400 ,
189 3331 275 3412 Ergo
289 3352 346 3412 ego
361 3352 414 3393 vos
429 3332 521 3394 rebus
535 3333 676 3412 duplices
689 3353 747 3413 pro
761 3331 890 3393 nomine
904 3332 996 3394 sensi.

230 3428 373 3510 Auspicii
388 3449 539 3490 numerus
553 3450 618 3491 non
632 3435 699 3492 erat
713 3430 778 3511 ipse
792 3429 876 3491 boni.

190 3525 273 3600 Quid
288 3547 397 3608 precer
410 3527 533 3588 iratus?
554 3527 615 3589 nisi
630 3548 684 3589 vos
698 3527 815 3589 cariosa
829 3532 971 3589 senectus

229 3624 331 3699 rodat,
349 3627 381 3686 et
394 3623 550 3686 inmundo
565 3645 635 3687 cera
648 3625 689 3686 sit
703 3624 773 3686 alba
787 3625 861 3686 situ.
