2964 4380
470 218 538 263 ma
560 217 725 265 DIVINITY
748 217 788 262 OF
810 217 975 262 BACCHUS.

177 369 401 453 Taygetenque
415 369 605 451 Hyadesque
619 369 720 432 oculis
733 371 918 449 Arctonque
933 369 1040 432 notari

176 472 405 549 ventorumque
419 469 528 530 domos
541 472 575 530 et
587 472 699 549 portus
713 466 875 548 puppibus
889 471 988 548 aptos.

260 566 375 627 ‘Forte
388 570 498 646 petens
512 567 629 627 Delum
645 565 742 626 Chiae
759 563 880 626 telluris
895 564 934 624 ad
949 583 1018 625 oras

175 663 364 743 applicaret
378 663 496 726 dextris
509 664 649 725 adducor
663 663 757 725 litora
771 662 875 736 remis,

176 761 279 840 doque
293 760 377 822 leves
391 761 487 822 saltus
502 762 643 842 udaeque
657 760 805 824 inmittor
816 759 959 822 harenae.

176 857 250 919 Nox
264 857 319 919 ubi
334 862 522 938 consumpta
535 866 582 920 est
599 857 738 939 (Aurora
753 857 914 919 rubescere
928 858 1032 938 prima

175 955 348 1036 coeperat),
366 976 510 1036 exsurgo,
527 957 698 1037 laticesque
712 955 831 1017 inferre
846 958 985 1016 recentes

175 1053 331 1115 admoneo
344 1057 548 1134 monstroque
561 1054 656 1128 viam,
674 1074 752 1134 quae
767 1054 863 1113 ducat
877 1053 918 1114 ad
931 1053 1042 1122 undas.

125 1157 128 1164 ⁴
177 1148 261 1230 Ipse,
279 1150 355 1231 quid
370 1170 447 1211 aura
461 1151 540 1212 mihi
555 1152 680 1212 tumulo
695 1150 861 1231 promittat
875 1149 914 1212 ab
928 1151 1003 1223 alte,

174 1248 333 1329 prospicio
348 1247 538 1329 comitesque
553 1268 628 1310 voco
642 1253 812 1328 repetoque
827 1247 975 1312 carinam.

178 1345 200 1374 “
213 1346 376 1407 Adsumus
390 1348 444 1407 en!
457 1346 479 1375 '’
501 1345 608 1427 inquit
622 1345 779 1407 sociorum
792 1345 916 1425 primus
932 1345 1092 1425 Opheltes,

174 1447 275 1524 utque
289 1446 393 1524 putat,
410 1444 559 1524 praedam
574 1444 696 1505 deserto
710 1445 823 1504 nactus
837 1443 871 1503 in
886 1463 971 1522 agro,

174 1541 318 1620 virginea
331 1561 467 1622 puerum
482 1541 572 1602 ducit
586 1561 642 1622 per
656 1540 751 1602 litora
764 1542 877 1602 forma.

258 1639 337 1700 ‘Ille
352 1659 438 1700 mero
453 1658 624 1719 somnoque
638 1639 742 1719 gravis
756 1638 894 1699 titubare
910 1638 1036 1699 videtur

174 1736 290 1816 vixque
304 1735 401 1816 sequi.
448 1735 561 1816 Specto
576 1737 700 1797 cultum
714 1735 891 1816 faciemque
905 1736 1116 1816 gradumque:

174 1834 221 1894 nil
237 1833 281 1894 ibi
297 1835 379 1915 quod
395 1833 480 1896 credi
495 1838 599 1915 posset
613 1833 746 1895 mortale
759 1833 914 1894 videbam.

175 1932 220 1992 Et
234 1931 316 1992 sensi
332 1935 364 1992 et
378 1931 445 1992 dixi
460 1931 565 1992 sociis:
590 1931 715 2005 “Quod
730 1951 849 1992 numen
865 1930 899 1990 in
914 1930 974 1992 isto

174 2049 305 2109 corpore
320 2028 372 2103 sit,
389 2028 516 2104 dubito;
538 2029 592 2090 sed
607 2047 737 2109 corpore
751 2048 871 2089 numen
887 2026 921 2088 in
936 2028 996 2089 isto
1010 2031 1067 2088 est.

175 2123 326 2205 Quisquis
339 2145 381 2199 es,
395 2146 413 2188 o
427 2126 532 2186 faveas
547 2123 724 2206 nostrisque
738 2125 898 2186 laboribus
912 2125 1005 2185 adsis.

174 2222 237 2283 His
252 2242 374 2302 quoque
389 2223 443 2284 des
457 2221 688 2284 veniam.”-“
699 2222 761 2283 Pro
775 2221 866 2282 nobis
881 2221 973 2282 mitte
987 2221 1107 2301 precari
1119 2220 1141 2250 '’

174 2320 287 2400 Dictys
301 2320 357 2393 ait,
374 2339 436 2400 quo
450 2339 515 2380 non
530 2319 611 2381 alius
625 2320 833 2381 conscendere
848 2339 986 2380 summas

174 2417 260 2480 ocior
274 2421 438 2478 antemnas
452 2436 627 2498 prensoque
641 2418 776 2478 rudente
791 2416 897 2478 relabi.

258 2515 348 2577 ‘Hoc
364 2515 468 2595 Libys,
486 2515 546 2577 hoc
561 2515 670 2589 flavus,
687 2535 797 2596 prorae
812 2515 923 2588 tutela,
942 2514 1135 2587 Melanthus,

174 2613 235 2675 hoe
248 2613 362 2692 probat
376 2612 575 2686 Alcimedon,
592 2615 624 2673 et
639 2612 693 2692 qui
707 2611 910 2692 requiemque
926 2612 1118 2690 modumque

175 2729 250 2771 vocs
265 2710 361 2771 dabat
374 2709 480 2784 remis,
496 2711 676 2771 animorum
690 2709 834 2770 hortator
849 2709 1008 2788 Epopeus,

175 2808 235 2869 hoe
249 2814 358 2868 omnes
372 2807 441 2868 alii:
463 2808 596 2888 praedae
612 2810 676 2868 tam
691 2826 781 2868 caeca
795 2805 911 2885 cupido
927 2809 983 2866 est.

258 2904 267 2934 ‘
281 2904 302 2932 “
316 2904 390 2966 Non
405 2908 512 2966 tamen
527 2905 610 2966 hane
624 2924 711 2965 sacro
725 2903 836 2965 violari
850 2903 988 2984 pondere
1002 2903 1116 2983 pinum

174 3001 335 3083 perpetiar
346 3002 368 3032 ”
385 3001 466 3064 dixi:
492 3001 514 3031 “
523 3022 595 3083 pars
609 3001 661 3063 bio
676 3001 756 3062 mihi
771 3001 908 3062 maxima
922 3000 1000 3061 iuris
1011 3000 1033 3030 ’'
1049 3021 1058 3076 3

174 3100 272 3180 inque
285 3098 375 3160 aditu
390 3099 515 3160 obsisto.
560 3098 655 3159 Furit
669 3098 895 3160 audacissimus
910 3096 996 3158 omni

175 3197 214 3258 de
229 3216 361 3258 numero
377 3196 527 3277 Lycabas,
545 3195 599 3276 qui
614 3195 717 3256 Tusca
731 3195 842 3276 pulsus
857 3194 895 3255 ab
909 3195 987 3255 urbe

175 3293 321 3354 exsilium
336 3293 405 3355 dira
418 3313 553 3374 poenam
568 3314 626 3373 pro
640 3294 733 3354 caede
744 3292 861 3353 luebat.

176 3391 208 3452 Is
223 3389 314 3463 mihi,
331 3391 409 3452 dum
425 3396 518 3465 reste,
535 3391 673 3452 iuvenali
687 3394 820 3470 guttura
834 3409 943 3470 pugno

176 3488 276 3567 rupit,
293 3491 325 3548 et
339 3507 505 3549 excussum
521 3488 655 3549 misisset
669 3488 705 3548 in
719 3507 863 3566 aequora,
881 3487 907 3547 si
922 3506 987 3547 non

176 3585 355 3658 haesissem,
373 3586 516 3667 quamvis
529 3607 648 3660 amens,
665 3586 699 3646 in
714 3586 793 3645 fune
807 3588 958 3645 retentus.

260 3682 383 3763 ‘Impia
398 3684 491 3745 turba
505 3684 618 3764 probat
632 3684 764 3744 tactum.
810 3682 894 3741 Tum
911 3680 1046 3759 denique
1061 3679 1204 3741 Bacchus
1222 3714 1227 3722 ·

180 3779 338 3860 (Bacchus
352 3781 438 3843 enim
453 3781 585 3861 tuerat),
602 3779 702 3842 veluti
717 3780 851 3840 clamore
866 3778 988 3840 solutus
1220 3779 1277 3838 630

177 3878 219 3940 sit
233 3897 418 3960 soporeque
432 3899 519 3941 merc
532 3880 664 3940 redeant
678 3878 711 3938 in
726 3881 854 3957 pectora
868 3895 986 3946 sensus,

180 3974 298 4049 “Quid
313 3975 443 4038 facitis?
465 3976 535 4058 quis
549 3975 691 4037 clamor?
702 3973 724 4002 ”
747 3973 793 4034 ait
810 3971 832 4001 “
844 3991 915 4050 qua,
933 3969 1039 4041 dicite,
1056 3971 1182 4039 nautae,
