2964 4380
199 219 238 286 72
395 221 423 264 P.
450 219 565 266 OVIDII
587 219 738 267 NASONIS
759 218 923 266 CARMINA
945 217 1101 266 aaaron.
1131 235 1133 238 ·

199 373 287 434 Dum
302 371 386 446 licet,
403 371 590 454 amplectar:
612 391 777 453 nunquam
792 371 923 432 tortasse
937 370 1046 432 licebit

238 470 390 551 amplius;
413 469 448 530 in
462 469 551 531 lucro
565 471 624 543 est,
641 489 720 550 quae
734 469 829 530 datur
843 468 921 531 hora
935 467 1040 530 mihi.’

195 565 266 630 Nec
281 587 380 641 mora,
397 567 549 629 sermonis
563 567 656 628 verba
670 566 849 648 inperfecta
863 565 1020 647 relinquo,

238 667 451 747 complectens
464 664 571 726 animo
586 646 885 745 proximasquaeque
899 683 979 725 meo.

181 763 182 768 ’
199 764 287 825 Dum
301 763 413 844 loquor
427 766 459 824 et
473 764 595 838 fiemus,
612 762 697 824 caelo
711 761 922 824 nitidissimus
936 761 1011 835 alto,

239 862 330 923 stella
343 861 447 941 gravis
462 860 561 935 nobis,
579 860 709 922 Lucifer
723 862 811 922 ortus
825 863 901 921 erat.

199 958 334 1020 Dividor
347 959 434 1021 haud
449 959 551 1033 aliter,
569 977 663 1038 quam
678 957 705 1019 si
719 977 789 1020 mea
803 957 944 1020 membra
957 955 1145 1038 relinquam,

239 1059 271 1118 et
284 1076 357 1137 pars
371 1057 518 1137 abrumpi
533 1076 661 1136 corpore
675 1055 742 1118 visa
755 1075 811 1117 suo
825 1057 882 1118 est.

123 1167 126 1173 '
200 1153 252 1216 Sic
266 1154 370 1216 doluit
384 1154 504 1216 Mettus
519 1157 608 1227 tuno,
625 1173 700 1215 cum
713 1153 748 1215 in
762 1152 921 1215 contraria
935 1170 1039 1214 versos

240 1252 359 1314 ultores
372 1251 486 1315 habuit
499 1250 690 1333 proditionis
703 1270 809 1332 equos.

200 1349 285 1410 Tum
299 1368 372 1412 vero
386 1349 528 1411 exoritur
541 1350 659 1411 elamor
672 1348 873 1429 gemitusque
887 1366 1040 1423 meorum,

239 1449 273 1508 et
286 1446 408 1508 feriunt
422 1449 559 1508 maestae
573 1449 700 1527 pectora
714 1446 801 1508 nuda
815 1464 937 1506 manus.

200 1543 284 1605 Tum
300 1563 372 1606 vero
387 1543 527 1606 coniunx
540 1543 658 1605 umeris
672 1542 819 1604 abeuntis
833 1542 1000 1603 inhaerens

240 1640 368 1703 miscuit
382 1641 459 1702 haec
473 1641 611 1703 lacrimis
626 1641 729 1703 tristia
742 1639 837 1702 uerba
851 1639 943 1701 meis:

203 1738 255 1800 ‘N
256 1757 297 1800 ou
312 1741 400 1819 potes
414 1738 520 1814 avelli,
543 1738 638 1799 simul
652 1738 739 1812 hinc,
756 1737 851 1799 simul
866 1735 1008 1809 ibimus‚'
1024 1733 1146 1816 inquit:

243 1838 294 1896 ‘te
308 1855 420 1914 sequar
433 1838 465 1897 et
479 1835 618 1896 coniunx
632 1835 748 1897 exsulis
762 1835 850 1896 exsul
864 1853 926 1896 ero.

201 1931 246 1992 Et
259 1931 339 1993 mihi
353 1932 439 1994 iacta
452 1931 503 1994 via
516 1936 574 2006 est,
590 1935 623 1995 et
637 1952 687 1994 me
702 1931 789 2012 capit
802 1931 917 1993 ultima
931 1930 1039 1994 tellus:

241 2029 387 2092 accedam
400 2029 554 2110 profugae
568 2029 689 2103 sarcina
702 2049 799 2110 parva
812 2029 885 2107 rati.

202 2127 247 2188 Te
261 2127 350 2188 iubet
363 2146 382 2188 a
395 2127 499 2207 patria
513 2127 671 2188 discedere
688 2126 827 2188 Caesaris
842 2125 899 2199 ira,
936 2120 937 2124 ’

241 2244 292 2286 me
306 2224 420 2305 pietas:
442 2225 544 2305 pietas
557 2225 633 2286 haec
648 2224 728 2285 mihi
744 2223 856 2286 Caesar
870 2221 956 2284 erit.'

202 2322 292 2384 Talia
306 2323 492 2403 temptabat,
510 2322 592 2384 sicut
606 2325 818 2402 temptaverat
832 2324 916 2395 ante,

241 2419 356 2500 vixque
370 2420 459 2481 dedit
473 2420 571 2481 victas
586 2419 725 2481 utilitate
740 2439 863 2480 manus.

202 2517 357 2598 Egredior
373 2517 451 2597 (sive
466 2517 547 2579 illud
561 2521 628 2578 erat
642 2517 710 2579 sine
723 2518 836 2579 iuuere
851 2515 956 2596 ferri),

242 2614 414 2695 squalidus,
431 2614 569 2676 inmissis
583 2615 668 2676 hirta
680 2634 737 2695 per
751 2634 806 2676 ora
819 2613 926 2676 comis.

202 2712 262 2774 Illa
275 2712 382 2775 dolore
396 2707 507 2774 amens
518 2711 655 2773 tenebris
668 2714 817 2772 narratur
831 2709 949 2772 obortis

242 2809 434 2871 semianimis
449 2809 552 2870 media
565 2808 767 2889 procubuisse
782 2808 890 2870 domo:

202 2910 301 2987 utque
315 2907 485 2968 resurrexit
499 2907 633 2968 foedatis
647 2907 776 2987 pulvere
791 2904 878 2984 turpi

242 3004 383 3067 crinibus
396 3007 429 3065 et
442 3003 547 3083 gelida
560 3004 701 3065 membra
715 3002 831 3064 levavit
844 3002 954 3077 humo,

202 3121 234 3163 sc
247 3101 352 3174 modo,
369 3101 508 3162 desertos
522 3101 615 3162 modo
629 3100 826 3180 conplorasse
841 3096 985 3174 Penates,

243 3217 358 3259 nomen
374 3200 406 3258 et
419 3196 519 3277 erepti
534 3217 623 3277 saepe
637 3217 759 3259 vocasse
775 3196 850 3272 viri3

202 3315 260 3356 nee
274 3293 428 3375 gemuisse
443 3294 559 3368 minus,
578 3313 671 3374 quam
687 3294 712 3354 si
727 3297 880 3374 nataeque
894 3294 1016 3375 virique

243 3392 372 3454 vidisset
386 3394 522 3452 structos
536 3411 650 3472 corpus
663 3391 779 3453 habere
793 3409 899 3474 rogos3

202 3493 235 3551 et
249 3489 383 3551 voluisse
397 3489 488 3563 mori,
505 3489 668 3551 moriendo
684 3485 800 3570 pcnere
814 3509 933 3561 sensus,

193 3569 206 3593 “
244 3592 450 3668 respectuque
465 3590 571 3649 tamen
586 3608 650 3649 non
666 3587 794 3668 periisse
809 3587 882 3648 mei.

203 3683 315 3745 Vivat!
338 3687 370 3745 et
384 3684 544 3745 absentem
562 3683 724 3765 (quoniam
741 3683 784 3744 sic
799 3685 866 3744 iata
880 3681 1038 3766 tulerunt)

244 3780 330 3844 vivat
343 3783 376 3842 et
389 3779 507 3843 auxilio
521 3782 662 3844 sublevet
676 3799 775 3861 usque
790 3798 856 3845 suo.
