2964 4380
206 208 242 255 12
398 209 427 254 Ρ.
452 208 566 254 OVIDII
588 209 738 258 NASONIS
759 211 922 258 CARMINA
945 214 1101 262 sanson.

203 361 366 424 incursant
380 359 479 420 stellis
493 359 682 441 rapiuntque
696 381 753 441 per
766 362 836 425 avia
849 382 990 426 currum.

203 459 248 521 Et
262 459 355 520 modo
369 477 493 519 summa
506 461 632 538 petunt,
649 459 743 519 modo
758 479 813 539 por
827 460 946 523 declive
961 462 1087 545 viasque

202 557 390 638 praecipites
404 555 505 636 spatio
520 559 620 616 terrae
634 556 779 636 propiore
793 557 953 619 feruntur.

202 655 403 735 Inferiusque
417 653 481 715 suis
495 655 651 716 fraternos
669 673 793 715 currere
809 655 901 718 Luna

201 753 377 814 admiratur
391 771 496 832 equos,
512 751 717 832 ambustaque
731 752 842 814 nubila
855 754 993 814 fumant.

283 849 463 929 Corripitur
476 849 620 922 fiammis,
638 855 675 909 ut
692 869 832 930 quaeque
846 851 1008 925 altissima,
1029 853 1120 916 tellus

202 947 334 1028 fissaque
348 947 415 1026 agit
429 947 523 1008 rimas
537 952 569 1008 et
583 946 665 1008 sucis
678 951 746 1008 aret
759 948 924 1028 ademptis.

202 1044 323 1106 Pabula
336 1047 517 1118 canescunt,
534 1063 606 1104 cum
622 1044 790 1105 frondibus
807 1045 911 1106 uritur
924 1046 1026 1119 arbor,

202 1142 427 1222 materiamque
442 1160 498 1203 suo
513 1142 640 1222 praebet
654 1160 740 1218 seges
754 1141 843 1203 arida
857 1143 981 1205 damno.

203 1240 303 1301 Parva
317 1259 443 1319 queror:
466 1257 598 1319 maguae
613 1243 747 1319 pereunt
761 1259 834 1300 oum
849 1241 1013 1302 moenibus
1024 1242 1126 1316 urbes,

201 1356 336 1418 cumque
351 1337 415 1397 suis
429 1339 510 1398 totas
524 1335 650 1417 populis
670 1336 816 1398 incendia
830 1342 939 1416 gentes

201 1434 236 1495 in
250 1433 388 1495 cinerem
405 1438 541 1495 vertunt.
587 1433 690 1495 Silvae
705 1453 778 1494 cum
793 1435 955 1496 montibus
969 1437 1091 1498 ardent.

281 1531 366 1592 Tum
381 1551 453 1593 vero
468 1530 636 1593 Phaethon
650 1532 773 1592 cunctis
787 1552 803 1593 e
817 1532 961 1612 partibus
975 1535 1081 1596 orbem

200 1630 335 1710 adspicit
348 1649 513 1691 accensum
529 1649 586 1690 neo
601 1631 706 1690 tantos
720 1629 856 1691 sustinet
870 1635 982 1706 aestus,

200 1728 418 1808 ferventesque
433 1747 523 1788 auras
537 1726 625 1787 velut
638 1746 655 1787 e
669 1728 797 1787 fornace
811 1728 972 1807 profunda

200 1845 253 1887 ore
267 1825 367 1887 trahit
380 1843 553 1904 currusque
568 1843 640 1884 suos
654 1824 836 1885 candescere
851 1825 962 1901 sentit3

199 1927 232 1984 et
247 1942 348 2002 neque
363 1923 425 1982 iam
440 1921 559 1983 cineres
573 1920 800 2002 eiectatamque
814 1921 956 1982 favillam

199 2021 282 2083 ferre
296 2023 399 2101 potest
414 2018 578 2098 calidoque
593 2017 767 2079 involvitur
782 2018 923 2098 undique
937 2020 1038 2094 fumo,

199 2137 325 2198 quoque
339 2120 399 2191 eat,
416 2119 472 2177 aut
487 2116 541 2177 ubi
556 2115 607 2188 sit,
624 2115 714 2195 picea
727 2115 860 2195 caligine
876 2119 978 2177 tectus

199 2215 299 2276 nescit
314 2217 346 2274 et
359 2213 489 2275 arbitrio
504 2213 667 2273 volucrum
683 2216 828 2291 raptatur
843 2233 1006 2292 equorum.

281 2311 441 2392 Sanguine
456 2313 534 2371 tunc
548 2309 683 2370 credunt
697 2309 731 2369 in
746 2329 877 2388 corpora
890 2330 1014 2372 summa
1028 2316 1137 2374 vocato

200 2409 395 2488 Aethiopum
410 2407 544 2488 populos
558 2406 685 2483 nigrum
701 2407 831 2467 traxisse
845 2407 991 2468 colorem.

280 2506 374 2566 Nilus
388 2506 422 2565 in
437 2487 613 2566 extremum
628 2503 714 2581 fugit
728 2504 914 2582 perterritus
929 2505 1035 2565 orbem

198 2602 400 2683 occuluitque
414 2604 520 2682 caput,
537 2599 621 2680 quod
636 2601 740 2660 adhuc
754 2600 846 2661 latet:
869 2601 949 2662 ostia
962 2606 1082 2681 septem

198 2699 422 2780 pulverulenta
435 2701 558 2771 vacant,
576 2700 696 2777 septem
711 2697 778 2758 siue
793 2697 924 2758 flumine
939 2699 1043 2760 valles.

279 2797 403 2858 Dissilit
417 2815 509 2857 omne
523 2795 636 2868 solum,
653 2797 860 2874 penetratque
875 2795 909 2856 in
924 2797 1056 2858 Tartara
1069 2797 1159 2860 rimis

197 2894 308 2955 lumen
323 2899 354 2955 et
368 2894 531 2954 infernum
546 2896 644 2953 terret
661 2911 735 2952 cum
749 2892 883 2972 coniuge
898 2899 1013 2972 regem.

198 2991 243 3052 Et
256 3010 342 3052 mare
356 2989 565 3060 contrahitur,
583 2988 742 3068 siccaeque
757 2992 804 3048 est
818 3008 948 3069 campus
961 2991 1096 3054 harenae

198 3089 283 3168 quod
298 3088 391 3149 modo
405 3089 523 3166 pontus
537 3088 617 3145 erat:
640 3104 779 3165 quosque
794 3085 897 3146 altum
912 3091 1032 3149 texerat
1046 3108 1173 3170 aequor,

197 3185 355 3247 exsistunt
370 3187 492 3244 montes
506 3185 538 3243 et
552 3201 672 3261 sparsas
688 3180 839 3260 Cycladas
854 3189 981 3263 augent.

197 3282 268 3344 Ima
281 3284 397 3362 petunt
410 3280 520 3359 pisces,
537 3298 595 3338 neo
609 3298 640 3339 se
655 3298 749 3358 super
763 3297 898 3358 aequora
912 3281 1000 3341 curvi

197 3379 307 3440 tollere
322 3382 486 3439 consuetas
499 3376 618 3436 audent
632 3375 797 3454 delphines
812 3375 847 3435 in
861 3397 966 3453 auras3

197 3495 328 3555 corpora
342 3475 515 3555 phocarum
530 3491 654 3532 summo
668 3472 816 3551 resupina
830 3474 990 3552 profundo

155 3568 159 3576 ’
197 3573 376 3636 exanimata
389 3573 511 3632 natant.
558 3569 666 3649 Ipsum
682 3588 808 3649 quoque
822 3569 925 3632 Nerea
938 3572 1024 3633 fama
1038 3578 1086 3635 est

198 3670 380 3749 Doridaque
395 3672 428 3729 et
442 3669 531 3728 natas
545 3665 660 3745 tepidis
674 3665 801 3726 latuisse
816 3667 874 3727 snb
888 3668 997 3730 antris.

198 3769 261 3830 'Per
275 3767 446 3846 Neptunus
459 3761 549 3842 aquis
563 3781 636 3822 cum
651 3765 740 3823 torvo
754 3763 900 3825 bracchia
914 3764 1005 3827 vultu

198 3883 336 3928 exserere
350 3881 443 3923 ausus
458 3860 536 3931 erat,
553 3860 601 3919 ter
615 3877 680 3919 non
694 3859 770 3920 tulit
784 3859 865 3920 aeris
879 3860 978 3940 ignes.

279 3961 324 4021 At
337 3965 428 4039 pater
442 3954 652 4035 omnipotens,
668 3974 795 4037 superos
810 3959 942 4020 testatus
955 3963 988 4022 et
1002 3959 1119 4042 ipsum,
