2964 4380
185 198 229 277 64
385 219 415 263 Ρ.
439 218 554 264 OVIDII
576 220 727 266 NASONIS
748 221 910 266 OARMINA
933 221 1091 267 SELEGTA.
1194 243 1200 266 i

187 367 238 427 Tu
252 387 387 449 quoque,
405 369 567 431 materiam
582 371 677 450 longo
691 371 746 450 qui
761 371 884 451 quoeris
898 372 1008 447 amori,

227 468 301 526 ante
315 467 465 547 frequens
480 486 542 547 quo
557 468 598 529 sit
613 469 696 530 disce
711 469 816 549 puella
830 470 908 531 loco.

186 563 219 624 N
220 582 261 624 on
275 583 333 644 ego
348 570 551 645 quaerentem
567 571 661 628 vento
676 567 750 628 dare
764 567 833 628 vela
846 567 970 642 iubeb0,

226 681 284 722 nec
299 661 368 735 tibi,
386 665 423 723 ut
438 662 589 737 invenias,
606 664 701 743 longa
715 665 847 726 terenda
861 665 911 727 vie
924 670 982 727 est.

185 759 413 822 Andromedan
428 761 557 822 Perseus
572 761 671 840 nigris
685 763 820 842 portarit
834 764 872 823 ab
887 763 987 837 Indis,

226 861 378 938 raptaque
393 858 434 918 sit
449 857 587 939 Phrygio
604 859 698 920 Graia
711 860 819 940 puella
832 861 910 922 viro.

186 954 249 1015 Tot
263 955 322 1015 tibi
337 957 465 1036 tamque
479 956 567 1017 dabit
580 957 733 1018 formosas
748 957 847 1018 Roma
860 958 991 1038 puellas,

228 1045 337 1113 ‘Hasd
349 1052 463 1113 habet’
480 1055 517 1114 ut
531 1053 617 1114 dicas
633 1053 804 1134 ‘quicquid
820 1055 853 1114 in
869 1055 942 1116 orbe
955 1055 1045 1115 fuit'
1132 1045 1134 1050 ’

187 1149 325 1229 Gargara
340 1154 417 1229 quot
432 1153 560 1230 segetes,
578 1156 656 1231 quot
671 1151 766 1212 habet
781 1152 970 1233 Methymna
983 1173 1131 1227 racemos,

226 1265 361 1326 aequore
377 1250 455 1327 quot
468 1247 578 1328 pisces,
595 1249 709 1310 fronde
723 1252 878 1329 teguntur
892 1270 977 1326 sves3

186 1346 264 1424 quot
278 1343 399 1406 caelum
414 1345 529 1419 stellas,
547 1348 595 1407 tot
609 1346 704 1408 hebet
719 1350 775 1408 tua
789 1348 889 1408 Rome
902 1348 1038 1428 puellas:

225 1445 372 1503 meteret
386 1443 511 1504 Aeneae
525 1447 648 1505 constat
662 1441 696 1505 in
711 1445 789 1506 urbe
803 1445 861 1506 sui.

184 1539 247 1601 Seu
263 1540 382 1620 ceperis
395 1540 506 1621 primis
519 1545 552 1602 et
565 1541 670 1602 adhuc
684 1543 895 1604 crescentibus
909 1543 1011 1616 aunis,

225 1640 299 1698 ante
313 1637 420 1699 oculos
434 1637 539 1700 veniet
553 1658 627 1700 vera
641 1638 748 1719 puella
762 1643 848 1701 tuos:

185 1734 249 1796 sive
263 1735 354 1814 cupis
367 1735 526 1809 iuvenem,
543 1735 672 1797 iuvenes
686 1737 745 1798 tibi
760 1737 847 1799 mille
861 1737 1047 1817 placebunt:

226 1833 344 1912 cogeris
358 1833 423 1894 voti
439 1833 561 1896 nescius
575 1853 639 1895 esse
654 1833 716 1895 tui:

185 1950 239 1991 seu
253 1933 285 1990 te
299 1931 381 1992 iorte
396 1930 484 1992 iuvat
498 1951 565 1992 sere
578 1936 610 1992 et
624 1931 795 2012 sapientior
809 1936 904 2006 aetas,

225 2027 285 2089 hoo
300 2046 435 2107 quoque,
453 2029 543 2090 crede
558 2027 649 2102 mihi,
666 2028 792 2109 plenius
806 2050 920 2110 agmen
933 2030 1003 2092 erit.

475 2353 522 2410 10.
562 2349 985 2414 LETTER-WRITING.

574 2543 608 2589 n.
633 2544 667 2589 n.
691 2544 716 2588 1.
740 2531 889 2590 459-486.

186 2703 279 2765 Disce
292 2703 390 2766 bonos
403 2707 494 2779 artes,
512 2725 634 2780 moneo,
652 2707 794 2767 Romana
807 2705 966 2780 iuventus,

225 2821 289 2861 non
303 2805 442 2875 tantum,
460 2802 598 2882 trepidos
613 2806 650 2863 ut
665 2806 771 2864 tueare
786 2823 863 2864 reos.

187 2898 288 2972 Quam
303 2899 440 2979 populus
454 2899 611 2979 iudexque
625 2899 729 2979 gravis
744 2900 905 2980 lectusque
919 2904 1056 2975 senatus,

226 2999 292 3056 tem
307 2995 395 3056 dabit
409 2996 533 3076 eloquip
548 2997 631 3058 victa
645 2997 752 3077 puelle
767 3018 887 3059 manus.

187 3092 248 3154 Sed
263 3093 382 3154 lateant
396 3093 491 3169 vires3
513 3114 570 3155 nec
585 3094 626 3155 sis
640 3094 674 3154 in
689 3095 795 3156 tronto
810 3095 955 3156 disertus.

228 3190 396 3270 Effugiant
411 3211 499 3252 voces
513 3192 606 3252 verba
620 3191 751 3252 molesta
767 3194 847 3254 tuae.

188 3287 275 3361 Quis,
292 3288 354 3348 nisi
368 3288 484 3349 mentis
498 3288 599 3368 inops,
616 3292 741 3351 tenerae
756 3289 910 3352 declamat
923 3289 1065 3350 amicae?

229 3385 325 3465 Saepe
339 3386 446 3447 volens
460 3386 524 3448 odii
538 3387 645 3448 littera
659 3407 751 3448 causa
765 3387 839 3448 tuit.

188 3481 237 3544 Sit
252 3482 310 3543 tibi
325 3483 483 3545 credibilis
497 3503 598 3545 sermo
612 3487 822 3563 consuetaque
836 3483 940 3558 verbs,

227 3579 344 3640 blanda
359 3587 475 3654 tomen,
492 3601 639 3662 praesens
653 3584 690 3641 ut
704 3580 828 3641 videare
842 3579 938 3660 loqui.

189 3675 222 3738 Si
238 3695 302 3737 non
317 3677 449 3758 accipiet
465 3678 630 3758 scriptum,
648 3678 864 3757 inlectumque
878 3676 1030 3750 remittet,

228 3774 381 3836 lecturam
397 3795 495 3855 spera,
512 3767 772 3856 propositumque
787 3778 868 3837 tene.

189 3871 344 3952 Tempore
358 3871 501 3934 difficiles
515 3872 648 3934 veniunt
662 3873 700 3934 ed
716 3875 820 3933 aratro
833 3870 973 3948 iuvenci3

228 3973 370 4051 tempore
384 3970 470 4033 lenta
483 3970 550 4050 pati
565 3971 655 4032 irena
669 3970 823 4032 docentur
836 3969 918 4050 equi.
