2964 4380
364 226 474 274 Pour's
496 226 810 272 nrunnua-nnucr
832 226 880 277 ou
901 225 1076 272 ricuinus.
1228 205 1266 267 61

402 463 430 520 7.
474 457 569 519 THE
601 456 774 522 POET'S
805 457 1038 520 DILEMMA.

572 635 635 681 su.
659 635 697 681 11.
717 623 873 694 10,1-14.

174 781 225 841 'l'u
239 781 330 856 milri,
347 785 384 842 tu
399 783 492 854 certe,
509 779 652 854 memini,
669 780 832 855 Graecina,
849 780 984 860 negabas

214 898 280 940 uno
294 898 383 959 posse
396 878 535 958 aliquem
551 881 691 959 tempore
706 899 810 940 amare
825 880 914 940 duas.

175 977 235 1038 Per
250 980 281 1038 te
295 997 353 1057 ego
367 976 521 1057 decipior:
543 996 600 1057 por
614 978 646 1037 tc
660 977 833 1058 deprensus
847 975 987 1050 inermis,

214 1095 295 1150 ecce,
313 1075 390 1136 duas
404 1068 623 1154 uno‘tempore
641 1074 741 1154 turpis
754 1095 836 1135 amo.

174 1171 319 1252 Utraque
333 1172 472 1233 formosa
485 1175 546 1233 est:
569 1191 714 1253 operosae
728 1172 868 1233 cultibus
882 1171 1004 1233 ambae:

215 1267 346 1342 artibus,
364 1267 397 1328 in
412 1267 508 1330 dubio
523 1271 581 1341 est,
598 1267 675 1330 haec
689 1267 741 1341 sit,
757 1289 799 1329 an
814 1268 880 1342 illa,
896 1267 992 1348 prior.

176 1365 344 1426 Pulchrior
358 1365 417 1426 hac
431 1365 486 1426 illa
498 1367 561 1426 est:
583 1365 661 1427 haec
688 1368 736 1426 est
749 1385 875 1446 quoque
889 1364 1052 1445 pulchrior
1066 1363 1135 1424 illa:

216 1466 249 1525 et
262 1463 362 1542 magis
376 1463 453 1525 haec
467 1463 568 1536 nobis,
585 1466 617 1524 ct
632 1462 732 1542 magis
746 1462 802 1524 illa
815 1463 929 1543 placet.

176 1561 305 1635 Errant,
322 1563 361 1622 ut
373 1560 477 1622 ventis
490 1560 686 1621 discordibus
700 1563 770 1622 acta
783 1560 936 1640 phaselos,

216 1658 446 1739 dividuumque
461 1663 572 1719 tenent
586 1659 614 1720 al
620 1661 666 1719 ter
680 1663 713 1719 et
726 1658 806 1719 alter
819 1677 917 1718 amor.

177 1755 262 1830 Quid
275 1755 427 1836 geminas,
445 1755 592 1836 Erycina,
609 1775 694 1817 meos
708 1755 775 1816 sine
791 1755 853 1816 fine
866 1754 1012 1816 dolores?

217 1853 333 1915 Nonne
344 1856 415 1914 'erat
428 1852 463 1913 in
477 1873 567 1914 curas
581 1873 646 1914 una
659 1853 766 1933 puella
779 1852 879 1914 satis?

178 1951 263 2026 Quid
277 1951 354 2012 folia
367 1951 540 2026 arboribus,
558 1950 636 2031 quid
650 1950 744 2031 pleno
759 1949 860 2011 sidera
874 1949 970 2023 caelo,

217 2047 253 2109 in
266 2048 349 2110 freta
362 2047 518 2109 conlectae
531 2047 596 2109 alta
609 2045 688 2128 quid
702 2046 792 2108 addis
805 2048 926 2127 aquas?

207 2401 239 2457 8.
277 2396 443 2458 mccc?
478 2397 544 2458 ΟΝ
578 2395 673 2456 THE
704 2396 871 2458 DEATH
906 2395 966 2458 OF
1000 2392 1243 2456 TIBULLUS.

635 2573 697 2619 AM.
715 2573 771 2617 111.
796 2562 825 2618 9.

179 2717 351 2780 Memnona
365 2717 390 2780 si
405 2721 516 2792 mater,
533 2721 635 2779 mater
648 2717 785 2798 ploravit
799 2717 968 2790 Achillem,

219 2819 252 2876 ct
266 2819 405 2894 tangunt
418 2835 549 2894 magnas
563 2814 668 2876 tristia
681 2815 750 2876 iata
763 2815 848 2888 deas,

179 2911 291 2974 flebilis
305 2911 463 2992 indignos,
480 2912 620 2993 Elegeia,
637 2912 721 2973 solve
735 2911 874 2992 capillos.

219 3009 287 3070 Ahl
311 3009 406 3071 nimis
419 3029 458 3071 ex
471 3029 544 3071 vero
559 3028 646 3070 nunc
660 3008 719 3070 tibi
734 3028 850 3070 nomen
864 3008 939 3070 criti

179 3106 238 3168 Ille
252 3107 302 3168 tui
316 3111 402 3169 vates
416 3106 528 3188 operis,
545 3110 602 3168 tua
615 3107 711 3180 fama,
729 3106 877 3168 Tibullus

219 3204 310 3266 ardet
323 3203 358 3265 in
372 3207 542 3276 exstructo,
560 3223 673 3284 corpus
687 3203 792 3278 inane,
809 3223 896 3283 rogo.

180 3301 273 3375 Ecce,
289 3321 369 3382 puer
377 3300 510 3364 Veneris
524 3300 588 3362 fert
602 3320 803 3380 eversamque
817 3300 998 3381 pharetram

220 3402 252 3460 et
266 3399 384 3460 fractos
397 3418 487 3460 arcus
501 3401 534 3459 et
548 3398 614 3459 sinc
628 3398 699 3459 luce
712 3399 826 3459 iucem.

180 3495 330 3575 Adspice,
347 3495 490 3556 demissis
503 3498 541 3555 ut
554 3498 606 3556 eat
620 3495 805 3556 miserabilis
819 3494 887 3567 alis,

221 3597 409 3675 pectoraque
424 3593 540 3654 infesta
553 3594 670 3652 tundat
684 3595 793 3672 aperta
807 3611 916 3652 manu.

181 3690 358 3770 Excipiunt
372 3689 517 3752 lacrimas
531 3689 628 3770 sparsi
643 3708 700 3770 per
714 3688 794 3750 colla
808 3687 926 3768 capilli,

222 3808 337 3870 oraque
352 3787 495 3868 singultu
510 3787 710 3850 concutiente
725 3788 847 3847 sonant.

179 3871 303 3947 'Fratris
317 3885 352 3946 in
366 3885 491 3948 Aeneae
505 3885 549 3948 sic
564 3884 656 3946 illum
672 3885 784 3945 funere
799 3883 911 3944 dicunt

223 4002 382 4064 egressum
396 3983 498 4059 tectis,
516 3982 649 4064 pulcher
663 3981 744 4055 idle,
763 3979 835 4042 tuis.
