2986 4376
200 218 244 306 76
396 235 425 278 Ρ.
449 234 564 279 evron
586 234 737 280 ussonia
758 233 921 280 casurus
944 203 1101 282 annueri.

199 384 262 447 Hic
276 404 334 465 ego
348 384 493 446 finitimis
508 383 651 464 quamvis
664 383 877 446 circumsoner
891 387 997 460 armis,

238 482 351 558 tristia,
370 501 432 562 quo
445 502 585 562 possum,
602 481 741 543 carmine
755 481 823 544 fata
837 483 915 545 levo.

98 599 105 614 ·
198 580 289 656 Quod
306 579 448 660 quamvis
461 599 555 641 neruo
568 582 626 652 est,
643 579 734 641 cuius
748 579 905 642 referatur
918 581 958 642 ad
973 601 1074 656 aures,

238 678 282 738 sic
296 681 402 740 tamen
417 677 548 740 absumo
562 676 746 758 decipioque
762 676 856 738 diem.

198 776 284 855 Ergo
300 776 383 856 quod
398 774 480 850 vivo,
497 774 646 855 durisque
660 774 820 836 laboribus
834 775 933 849 obsto,

238 893 297 934 nec
311 893 362 934 me
375 872 528 934 sollicitae
542 872 646 933 taedia
659 871 740 933 lucis
753 871 883 946 habent,

197 969 311 1050 gratia,
329 969 430 1044 Musa,
449 969 522 1031 tibi:
545 989 620 1030 nam
634 973 671 1030 tu
686 969 800 1030 solacia
813 970 953 1049 praebes,

238 1070 275 1127 tu
289 1087 382 1128 curae
396 1066 529 1148 requies,
546 1075 583 1128 tu
598 1066 756 1128 medicina
770 1066 868 1128 venis.

199 1164 249 1225 Tu
265 1165 330 1225 dux
344 1170 377 1226 et
390 1184 493 1226 comes
507 1185 549 1238 es,
563 1166 600 1224 tu
614 1184 672 1225 nos
686 1164 816 1225 abducis
830 1165 869 1225 ab
884 1164 1005 1238 Histro,

238 1261 273 1322 in
287 1262 452 1342 medioque
466 1261 547 1322 mihi
562 1262 617 1322 das
631 1261 784 1322 Helicone
798 1261 919 1336 locum3

168 1429 173 1438 Ι
198 1364 235 1421 tu
250 1360 339 1435 mihi,
358 1361 442 1440 quod
457 1379 563 1421 rarum
578 1363 635 1444 est,
653 1359 724 1420 vivo
738 1359 872 1420 sublime
887 1359 1002 1420 dedisti

239 1477 365 1532 nomen,
382 1457 421 1518 ab
435 1457 590 1538 exsequiis
604 1456 688 1537 quod
703 1457 777 1518 dare
791 1457 878 1517 fama
892 1456 980 1519 solet.

199 1555 277 1628 Nec,
295 1555 349 1635 qui
363 1556 518 1616 detrectat
531 1553 719 1635 praesentia,
736 1554 827 1628 livor,
844 1553 956 1634 iniquo

239 1652 342 1711 ullum
356 1652 395 1714 de
409 1651 525 1712 nostris
539 1651 634 1712 dente
648 1651 821 1713 momordit
835 1671 923 1731 opus.

199 1749 283 1810 Nam
297 1749 432 1810 tulerint
446 1768 576 1828 magnos
590 1767 664 1809 cum
678 1748 802 1809 saecula
815 1751 922 1809 nostra
936 1751 1053 1828 poetas,

239 1865 304 1907 non
318 1846 383 1907 iuit
397 1846 525 1926 ingenio
539 1846 626 1906 sama
640 1844 780 1924 maligna
794 1865 874 1919 meo,

200 1963 334 2024 cumque
348 1964 406 2024 ego
420 1963 611 2025 praeponam
625 1943 744 2004 multos
758 1942 849 2017 mihi,
866 1961 931 2004 non
946 1941 1051 2004 minor
1064 1941 1128 2004 illis

240 2041 328 2102 dicor
341 2045 374 2104 et
387 2041 421 2102 in
437 2045 504 2102 toto
518 2040 676 2122 plurimus
689 2041 763 2102 orbe
777 2041 873 2120 legor.

141 2149 143 2156 '
201 2138 313 2219 Siquid
327 2138 446 2200 habent
460 2138 559 2218 igitur
572 2141 683 2200 vatum
697 2137 858 2218 praesagia
872 2137 948 2212 veri,

240 2236 386 2318 protinus
400 2240 438 2297 ut
452 2236 578 2309 moriar,
595 2256 660 2298 non
677 2256 740 2310 ero,
758 2239 852 2309 terra,
868 2241 953 2296 tuus.

201 2333 273 2396 Sive
287 2335 394 2396 favore
408 2333 479 2408 tuli,
497 2333 561 2395 sive
574 2333 658 2395 hanc
671 2353 729 2414 ego
744 2333 884 2395 carmine
897 2334 1016 2395 famam

241 2431 324 2493 iure:
345 2430 405 2493 tibi
419 2434 534 2512 grates,
550 2430 684 2493 candide
701 2430 810 2505 lector,
826 2450 894 2511 ago.

265 2693 314 2754 15.
339 2685 595 2752 PROVERBS
619 2683 720 2747 ΛΝΒ
749 2682 908 2748 SHORT
932 2678 1232 2745 SELEOTIONS.

737 2850 764 2908 1.

203 2966 349 3031 Nitimur
362 2964 397 3027 in
411 2963 547 3027 vetitum
562 2980 694 3042 semper,
712 2959 921 3041 cupimusque
936 2961 1059 3114 negqta.

1034 3071 1071 3114 u.
1088 3068 1143 3115 111.
1161 3057 1191 3126 4,
1210 3055 1258 3116 17.

739 3208 767 3266 2.

204 3343 374 3425 Ingenium
390 3342 551 3422 quondam
565 3340 671 3402 iuerat
685 3335 855 3418 pretiosius
868 3355 956 3409 auro,

244 3445 278 3504 at
292 3460 379 3503 nunc
392 3438 536 3502 barbaria
550 3441 597 3500 est
611 3435 740 3516 grandis
753 3433 868 3496 habere
878 3431 970 3494 nihil.
1025 3511 1082 3572 ΑΜ
1111 3525 1156 3570 111
1184 3513 1202 3571 8
1231 3512 1249 3569 3

739 3667 770 3724 3.

207 3801 352 3864 Perierre
366 3799 486 3862 obdura
501 3800 508 3860 l
551 3796 651 3859 Dolor
664 3793 717 3856 hio
733 3793 791 3854 tibi
805 3789 948 3872 proderit
963 3788 1048 3852 olim.

247 3898 345 3980 Saepe
359 3897 436 3960 tulit
450 3895 537 3959 lassis
551 3913 645 3958 sucus
658 3911 784 3955 amarus
798 3908 899 3971 opem.

1007 3968 1076 4029 Au.
1093 3982 1148 4029 111.
1168 3969 1216 4040 11,
1235 3967 1264 4030 7.
