<?xml version="1.0" encoding="UTF-8"?>
<!DOCTYPE html PUBLIC "-//W3C//DTD XHTML 1.0 Transitional//EN"
    "http://www.w3.org/TR/xhtml1/DTD/xhtml1-transitional.dtd">
<html xmlns="http://www.w3.org/1999/xhtml" xml:lang="en" lang="en">
 <head>
  <title>
</title>
<meta http-equiv="Content-Type" content="text/html;charset=utf-8" />
  <meta name='ocr-system' content='tesseract 3.04.00' />
  <meta name='ocr-capabilities' content='ocr_page ocr_carea ocr_par ocr_line ocrx_word'/>
</head>
<body>
  <div class='ocr_page' id='page_1' title='image "./selectionsfromo02ovidgoog_0084.png"; bbox 0 0 2964 4380; ppageno 0'>
   <div class='ocr_carea' id='block_1_1' title="bbox 510 227 893 274">
    <p class='ocr_par' dir='ltr' id='par_1_1' title="bbox 510 227 893 274">
     <span class='ocr_line' id='line_1_1' title="bbox 510 227 893 274; baseline 0.003 -2"><span class='ocrx_word' id='word_1_1' title='bbox 510 240 514 248; x_wconf 71' lang='lat'>¹</span> <span class='ocrx_word' id='word_1_2' title='bbox 581 227 603 271; x_wconf 85' lang='lat' dir='ltr'><strong>A</strong></span> <span class='ocrx_word' id='word_1_3' title='bbox 626 227 733 273; x_wconf 77' lang='lat' dir='ltr'>STORM</span> <span class='ocrx_word' id='word_1_4' title='bbox 756 227 800 272; x_wconf 79' lang='lat' dir='ltr'><strong>Ar</strong></span> <span class='ocrx_word' id='word_1_5' title='bbox 821 229 893 274; x_wconf 71' lang='grc' dir='ltr'><strong>ΒΕΑ.</strong></span> 
     </span>
    </p>
   </div>
   <div class='ocr_carea' id='block_1_2' title="bbox 187 377 1285 3869">
    <p class='ocr_par' dir='ltr' id='par_1_2' title="bbox 191 377 1038 558">
     <span class='ocr_line' id='line_1_2' title="bbox 191 377 1038 460; baseline 0.002 -20"><span class='ocrx_word' id='word_1_6' title='bbox 191 377 256 440; x_wconf 85' lang='lat' dir='ltr'><strong>Vos</strong></span> <span class='ocrx_word' id='word_1_7' title='bbox 270 379 374 452; x_wconf 90' lang='lat' dir='ltr'><strong>modo,</strong></span> <span class='ocrx_word' id='word_1_8' title='bbox 392 399 470 460; x_wconf 91' lang='lat' dir='ltr'><strong>quos</strong></span> <span class='ocrx_word' id='word_1_9' title='bbox 484 381 568 440; x_wconf 85' lang='lat' dir='ltr'><strong>certe</strong></span> <span class='ocrx_word' id='word_1_10' title='bbox 582 379 682 453; x_wconf 88' lang='lat' dir='ltr'><strong>nullo,</strong></span> <span class='ocrx_word' id='word_1_11' title='bbox 699 382 789 459; x_wconf 88' lang='lat' dir='ltr'><strong>puto,</strong></span> <span class='ocrx_word' id='word_1_12' title='bbox 806 378 938 441; x_wconf 89' lang='lat' dir='ltr'><strong>crimine</strong></span> <span class='ocrx_word' id='word_1_13' title='bbox 952 381 1038 456; x_wconf 84' lang='lat' dir='ltr'><strong>laesi,</strong></span> 
     </span>
     <span class='ocr_line' id='line_1_3' title="bbox 231 476 926 558; baseline 0.001 -20"><span class='ocrx_word' id='word_1_14' title='bbox 231 476 373 538; x_wconf 88' lang='lat' dir='ltr'><strong>contenti</strong></span> <span class='ocrx_word' id='word_1_15' title='bbox 388 477 503 538; x_wconf 87' lang='lat' dir='ltr'><strong>nostris</strong></span> <span class='ocrx_word' id='word_1_16' title='bbox 517 476 591 551; x_wconf 88' lang='lat' dir='ltr'><strong>iam,</strong></span> <span class='ocrx_word' id='word_1_17' title='bbox 604 496 725 558; x_wconf 92' lang='lat' dir='ltr'><strong>precor,</strong></span> <span class='ocrx_word' id='word_1_18' title='bbox 741 480 805 538; x_wconf 89' lang='lat' dir='ltr'><strong>esto</strong></span> <span class='ocrx_word' id='word_1_19' title='bbox 820 478 926 539; x_wconf 90' lang='lat' dir='ltr'><strong>malisl</strong></span> 
     </span>
    </p>

    <p class='ocr_par' dir='ltr' id='par_1_3' title="bbox 191 574 1011 764">
     <span class='ocr_line' id='line_1_4' title="bbox 191 574 997 650; baseline 0.001 -14"><span class='ocrx_word' id='word_1_20' title='bbox 191 574 260 636; x_wconf 90' lang='lat' dir='ltr'><strong>Nec</strong></span> <span class='ocrx_word' id='word_1_21' title='bbox 274 580 393 648; x_wconf 85' lang='lat' dir='ltr'><strong>tamen,</strong></span> <span class='ocrx_word' id='word_1_22' title='bbox 410 578 447 635; x_wconf 88' lang='lat' dir='ltr'><strong>ut</strong></span> <span class='ocrx_word' id='word_1_23' title='bbox 461 574 569 636; x_wconf 85' lang='lat' dir='ltr'><strong>cuncti</strong></span> <span class='ocrx_word' id='word_1_24' title='bbox 584 575 732 636; x_wconf 88' lang='lat' dir='ltr'><strong>miserum</strong></span> <span class='ocrx_word' id='word_1_25' title='bbox 748 595 868 636; x_wconf 81' lang='lat' dir='ltr'><strong>servare</strong></span> <span class='ocrx_word' id='word_1_26' title='bbox 883 575 997 650; x_wconf 87' lang='lat' dir='ltr'><strong>velitis,</strong></span> 
     </span>
     <span class='ocr_line' id='line_1_5' title="bbox 231 672 1011 764; baseline 0.003 -32"><span class='ocrx_word' id='word_1_27' title='bbox 231 672 316 752; x_wconf 92' lang='lat' dir='ltr'><strong>quod</strong></span> <span class='ocrx_word' id='word_1_28' title='bbox 330 672 436 752; x_wconf 89' lang='lat' dir='ltr'><strong>periit,</strong></span> <span class='ocrx_word' id='word_1_29' title='bbox 453 673 574 734; x_wconf 81' lang='lat' dir='ltr'><strong>salvum</strong></span> <span class='ocrx_word' id='word_1_30' title='bbox 589 692 675 733; x_wconf 88' lang='lat' dir='ltr'><strong>nunc</strong></span> <span class='ocrx_word' id='word_1_31' title='bbox 689 675 786 752; x_wconf 89' lang='lat' dir='ltr'><strong>caput</strong></span> <span class='ocrx_word' id='word_1_32' title='bbox 799 693 864 734; x_wconf 87' lang='lat' dir='ltr'><strong>esse</strong></span> <span class='ocrx_word' id='word_1_33' title='bbox 877 676 990 753; x_wconf 85' lang='lat' dir='ltr'><strong>potest.</strong></span> <span class='ocrx_word' id='word_1_34' title='bbox 1005 741 1011 764; x_wconf 29' lang='lat' dir='ltr'>x</span> 
     </span>
    </p>

    <p class='ocr_par' dir='ltr' id='par_1_4' title="bbox 190 768 958 947">
     <span class='ocr_line' id='line_1_6' title="bbox 190 768 958 849; baseline 0.003 -19"><span class='ocrx_word' id='word_1_35' title='bbox 190 768 238 830; x_wconf 89' lang='lat' dir='ltr'><strong>Ut</strong></span> <span class='ocrx_word' id='word_1_36' title='bbox 252 788 337 830; x_wconf 88' lang='lat' dir='ltr'><strong>mare</strong></span> <span class='ocrx_word' id='word_1_37' title='bbox 352 769 494 830; x_wconf 83' lang='lat' dir='ltr'>considat</span> <span class='ocrx_word' id='word_1_38' title='bbox 508 769 672 849; x_wconf 82' lang='lat' dir='ltr'><strong>ventisque</strong></span> <span class='ocrx_word' id='word_1_39' title='bbox 685 769 862 831; x_wconf 76' lang='lat' dir='ltr'><strong>ferentibus</strong></span> <span class='ocrx_word' id='word_1_40' title='bbox 875 774 958 845; x_wconf 82' lang='lat' dir='ltr'><strong>utar,</strong></span> 
     </span>
     <span class='ocr_line' id='line_1_7' title="bbox 231 866 911 947; baseline 0.004 -21"><span class='ocrx_word' id='word_1_41' title='bbox 231 869 268 926; x_wconf 92' lang='lat' dir='ltr'><strong>ut</strong></span> <span class='ocrx_word' id='word_1_42' title='bbox 282 866 362 927; x_wconf 92' lang='lat' dir='ltr'><strong>mihi</strong></span> <span class='ocrx_word' id='word_1_43' title='bbox 375 866 525 947; x_wconf 83' lang='lat' dir='ltr'><strong>parcatis:</strong></span> <span class='ocrx_word' id='word_1_44' title='bbox 547 886 611 927; x_wconf 89' lang='lat' dir='ltr'><strong>non</strong></span> <span class='ocrx_word' id='word_1_45' title='bbox 626 867 733 927; x_wconf 88' lang='lat' dir='ltr'><strong>minus</strong></span> <span class='ocrx_word' id='word_1_46' title='bbox 746 868 835 929; x_wconf 85' lang='lat' dir='ltr'><strong>exsul</strong></span> <span class='ocrx_word' id='word_1_47' title='bbox 849 887 911 930; x_wconf 87' lang='lat' dir='ltr'><strong>cro.</strong></span> 
     </span>
    </p>

    <p class='ocr_par' dir='ltr' id='par_1_5' title="bbox 191 962 908 1142">
     <span class='ocr_line' id='line_1_8' title="bbox 191 962 908 1045; baseline 0.004 -22"><span class='ocrx_word' id='word_1_48' title='bbox 191 962 265 1024; x_wconf 88' lang='lat' dir='ltr'><strong>Nou</strong></span> <span class='ocrx_word' id='word_1_49' title='bbox 279 983 338 1044; x_wconf 85' lang='lat' dir='ltr'><strong>ego</strong></span> <span class='ocrx_word' id='word_1_50' title='bbox 352 964 479 1025; x_wconf 86' lang='lat' dir='ltr'><strong>divitias</strong></span> <span class='ocrx_word' id='word_1_51' title='bbox 492 964 603 1025; x_wconf 85' lang='lat' dir='ltr'><strong>avidus</strong></span> <span class='ocrx_word' id='word_1_52' title='bbox 617 964 684 1026; x_wconf 89' lang='lat' dir='ltr'><strong>sine</strong></span> <span class='ocrx_word' id='word_1_53' title='bbox 698 965 761 1026; x_wconf 88' lang='lat' dir='ltr'><strong>fine</strong></span> <span class='ocrx_word' id='word_1_54' title='bbox 775 965 908 1045; x_wconf 88' lang='lat' dir='ltr'><strong>parandi</strong></span> 
     </span>
     <span class='ocr_line' id='line_1_9' title="bbox 230 1060 892 1142; baseline 0.008 -22"><span class='ocrx_word' id='word_1_55' title='bbox 230 1060 332 1121; x_wconf 87' lang='lat' dir='ltr'><strong>latum</strong></span> <span class='ocrx_word' id='word_1_56' title='bbox 347 1061 510 1122; x_wconf 79' lang='lat' dir='ltr'><strong>mutandis</strong></span> <span class='ocrx_word' id='word_1_57' title='bbox 525 1062 680 1123; x_wconf 82' lang='lat' dir='ltr'><strong>mercibus</strong></span> <span class='ocrx_word' id='word_1_58' title='bbox 693 1083 810 1142; x_wconf 86' lang='lat' dir='ltr'><strong>aequor</strong></span> <span class='ocrx_word' id='word_1_59' title='bbox 823 1083 892 1139; x_wconf 91' lang='lat' dir='ltr'><strong>aro;</strong></span> 
     </span>
    </p>

    <p class='ocr_par' dir='ltr' id='par_1_6' title="bbox 189 1159 1068 1338">
     <span class='ocr_line' id='line_1_10' title="bbox 189 1159 1068 1240; baseline 0.005 -22"><span class='ocrx_word' id='word_1_60' title='bbox 189 1177 255 1218; x_wconf 89' lang='lat' dir='ltr'><strong>non</strong></span> <span class='ocrx_word' id='word_1_61' title='bbox 269 1163 355 1238; x_wconf 88' lang='lat' dir='ltr'><strong>pcto,</strong></span> <span class='ocrx_word' id='word_1_62' title='bbox 373 1179 450 1238; x_wconf 93' lang='lat' dir='ltr'><strong>quas</strong></span> <span class='ocrx_word' id='word_1_63' title='bbox 464 1160 624 1239; x_wconf 90' lang='lat' dir='ltr'><strong>quondam</strong></span> <span class='ocrx_word' id='word_1_64' title='bbox 639 1159 716 1240; x_wconf 85' lang='lat' dir='ltr'><strong>petii</strong></span> <span class='ocrx_word' id='word_1_65' title='bbox 731 1160 900 1234; x_wconf 84' lang='lat' dir='ltr'><strong>studiosus,</strong></span> <span class='ocrx_word' id='word_1_66' title='bbox 917 1161 1068 1236; x_wconf 76' lang='lat' dir='ltr'><strong>Athenae,</strong></span> 
     </span>
     <span class='ocr_line' id='line_1_11' title="bbox 232 1255 902 1338; baseline 0.003 -22"><span class='ocrx_word' id='word_1_67' title='bbox 232 1255 349 1337; x_wconf 89' lang='lat' dir='ltr'><strong>oppida</strong></span> <span class='ocrx_word' id='word_1_68' title='bbox 363 1276 427 1317; x_wconf 86' lang='lat' dir='ltr'><strong>non</strong></span> <span class='ocrx_word' id='word_1_69' title='bbox 441 1256 546 1331; x_wconf 88' lang='lat' dir='ltr'><strong>Asiae,</strong></span> <span class='ocrx_word' id='word_1_70' title='bbox 563 1276 628 1318; x_wconf 87' lang='lat' dir='ltr'><strong>nou</strong></span> <span class='ocrx_word' id='word_1_71' title='bbox 642 1257 710 1318; x_wconf 88' lang='lat' dir='ltr'><strong>loca</strong></span> <span class='ocrx_word' id='word_1_72' title='bbox 724 1258 790 1319; x_wconf 79' lang='lat' dir='ltr'><strong>visa</strong></span> <span class='ocrx_word' id='word_1_73' title='bbox 803 1258 902 1338; x_wconf 88' lang='lat' dir='ltr'><strong>prius,</strong></span> 
     </span>
    </p>

    <p class='ocr_par' dir='ltr' id='par_1_7' title="bbox 190 1353 955 1524">
     <span class='ocr_line' id='line_1_12' title="bbox 190 1353 955 1426; baseline 0.001 -12"><span class='ocrx_word' id='word_1_74' title='bbox 190 1371 266 1426; x_wconf 85' lang='lat' dir='ltr'><strong>non,</strong></span> <span class='ocrx_word' id='word_1_75' title='bbox 282 1356 321 1413; x_wconf 87' lang='lat' dir='ltr'><strong>ut</strong></span> <span class='ocrx_word' id='word_1_76' title='bbox 335 1353 508 1414; x_wconf 84' lang='lat' dir='ltr'><strong>Alexandri</strong></span> <span class='ocrx_word' id='word_1_77' title='bbox 523 1354 639 1415; x_wconf 87' lang='lat' dir='ltr'><strong>claram</strong></span> <span class='ocrx_word' id='word_1_78' title='bbox 653 1354 776 1415; x_wconf 77' lang='lat' dir='ltr'><strong>delatus</strong></span> <span class='ocrx_word' id='word_1_79' title='bbox 790 1355 830 1415; x_wconf 91' lang='lat' dir='ltr'><strong>ad</strong></span> <span class='ocrx_word' id='word_1_80' title='bbox 845 1355 955 1416; x_wconf 89' lang='lat' dir='ltr'><strong>urbem</strong></span> 
     </span>
     <span class='ocr_line' id='line_1_13' title="bbox 230 1450 825 1524; baseline 0 -12"><span class='ocrx_word' id='word_1_81' title='bbox 230 1450 358 1512; x_wconf 88' lang='lat' dir='ltr'><strong>delicias</strong></span> <span class='ocrx_word' id='word_1_82' title='bbox 372 1450 506 1524; x_wconf 84' lang='lat' dir='ltr'><strong>videam,</strong></span> <span class='ocrx_word' id='word_1_83' title='bbox 523 1451 598 1513; x_wconf 87' lang='lat' dir='ltr'><strong>Nile</strong></span> <span class='ocrx_word' id='word_1_84' title='bbox 612 1451 722 1524; x_wconf 88' lang='lat' dir='ltr'><strong>iocose,</strong></span> <span class='ocrx_word' id='word_1_85' title='bbox 740 1456 825 1512; x_wconf 84' lang='lat' dir='ltr'><strong>tuas:</strong></span> 
     </span>
    </p>

    <p class='ocr_par' dir='ltr' id='par_1_8' title="bbox 190 1548 1015 1727">
     <span class='ocr_line' id='line_1_14' title="bbox 190 1548 1015 1631; baseline 0.001 -21"><span class='ocrx_word' id='word_1_86' title='bbox 190 1548 275 1629; x_wconf 92' lang='lat' dir='ltr'><strong>quod</strong></span> <span class='ocrx_word' id='word_1_87' title='bbox 289 1548 398 1610; x_wconf 75' lang='lat' dir='ltr'><strong>faciles</strong></span> <span class='ocrx_word' id='word_1_88' title='bbox 412 1553 487 1629; x_wconf 88' lang='lat' dir='ltr'><strong>opto</strong></span> <span class='ocrx_word' id='word_1_89' title='bbox 501 1553 621 1623; x_wconf 86' lang='lat' dir='ltr'><strong>ventos,</strong></span> <span class='ocrx_word' id='word_1_90' title='bbox 641 1548 726 1629; x_wconf 89' lang='lat' dir='ltr'><strong>(quis</strong></span> <span class='ocrx_word' id='word_1_91' title='bbox 740 1550 865 1611; x_wconf 86' lang='lat' dir='ltr'><strong>credere</strong></span> <span class='ocrx_word' id='word_1_92' title='bbox 878 1550 977 1630; x_wconf 89' lang='lat' dir='ltr'><strong>possit</strong></span> <span class='ocrx_word' id='word_1_93' title='bbox 986 1549 1015 1631; x_wconf 77' lang='lat' dir='ltr'><strong>l)</strong></span> 
     </span>
     <span class='ocr_line' id='line_1_15' title="bbox 231 1644 983 1727; baseline 0 -20"><span class='ocrx_word' id='word_1_94' title='bbox 231 1644 383 1707; x_wconf 82' lang='lat' dir='ltr'><strong>Sarmatia</strong></span> <span class='ocrx_word' id='word_1_95' title='bbox 397 1652 444 1708; x_wconf 87' lang='lat' dir='ltr'><strong>est</strong></span> <span class='ocrx_word' id='word_1_96' title='bbox 458 1646 562 1720; x_wconf 87' lang='lat' dir='ltr'><strong>tellus,</strong></span> <span class='ocrx_word' id='word_1_97' title='bbox 580 1666 675 1727; x_wconf 90' lang='lat' dir='ltr'><strong>quam</strong></span> <span class='ocrx_word' id='word_1_98' title='bbox 690 1665 761 1708; x_wconf 89' lang='lat' dir='ltr'><strong>mea</strong></span> <span class='ocrx_word' id='word_1_99' title='bbox 775 1647 844 1709; x_wconf 87' lang='lat' dir='ltr'><strong>vela</strong></span> <span class='ocrx_word' id='word_1_100' title='bbox 856 1651 983 1727; x_wconf 88' lang='lat' dir='ltr'><strong>petunt.</strong></span> 
     </span>
    </p>

    <p class='ocr_par' dir='ltr' id='par_1_9' title="bbox 191 1742 1013 1922">
     <span class='ocr_line' id='line_1_16' title="bbox 191 1742 936 1824; baseline 0 -19"><span class='ocrx_word' id='word_1_101' title='bbox 191 1742 332 1822; x_wconf 82' lang='lat' dir='ltr'><strong>obligor,</strong></span> <span class='ocrx_word' id='word_1_102' title='bbox 351 1747 386 1804; x_wconf 90' lang='lat' dir='ltr'><strong>ut</strong></span> <span class='ocrx_word' id='word_1_103' title='bbox 401 1746 529 1824; x_wconf 82' lang='lat' dir='ltr'><strong>tangam</strong></span> <span class='ocrx_word' id='word_1_104' title='bbox 544 1744 624 1806; x_wconf 85' lang='lat' dir='ltr'><strong>laevi</strong></span> <span class='ocrx_word' id='word_1_105' title='bbox 638 1745 705 1805; x_wconf 81' lang='lat' dir='ltr'><strong>fera</strong></span> <span class='ocrx_word' id='word_1_106' title='bbox 719 1744 812 1806; x_wconf 85' lang='lat' dir='ltr'><strong>litora</strong></span> <span class='ocrx_word' id='word_1_107' title='bbox 827 1745 936 1806; x_wconf 86' lang='lat' dir='ltr'><strong>Ponti:</strong></span> 
     </span>
     <span class='ocr_line' id='line_1_17' title="bbox 230 1841 1013 1922; baseline 0.001 -21"><span class='ocrx_word' id='word_1_108' title='bbox 230 1841 379 1922; x_wconf 89' lang='lat' dir='ltr'><strong>quodque</strong></span> <span class='ocrx_word' id='word_1_109' title='bbox 394 1841 435 1902; x_wconf 87' lang='lat' dir='ltr'><strong>sit</strong></span> <span class='ocrx_word' id='word_1_110' title='bbox 449 1862 468 1904; x_wconf 88' lang='lat' dir='ltr'><strong>a</strong></span> <span class='ocrx_word' id='word_1_111' title='bbox 481 1842 584 1922; x_wconf 83' lang='lat' dir='ltr'><strong>patria</strong></span> <span class='ocrx_word' id='word_1_112' title='bbox 597 1846 663 1903; x_wconf 87' lang='lat' dir='ltr'><strong>tam</strong></span> <span class='ocrx_word' id='word_1_113' title='bbox 678 1842 756 1921; x_wconf 78' lang='lat' dir='ltr'><strong>iuga</strong></span> <span class='ocrx_word' id='word_1_114' title='bbox 769 1843 870 1916; x_wconf 87' lang='lat' dir='ltr'><strong>tarda,</strong></span> <span class='ocrx_word' id='word_1_115' title='bbox 888 1862 1013 1922; x_wconf 90' lang='lat' dir='ltr'><strong>queror.</strong></span> 
     </span>
    </p>

    <p class='ocr_par' dir='ltr' id='par_1_10' title="bbox 191 1937 1285 2117">
     <span class='ocr_line' id='line_1_18' title="bbox 191 1937 1285 2020; baseline 0.004 -22"><span class='ocrx_word' id='word_1_116' title='bbox 191 1937 304 1998; x_wconf 91' lang='lat' dir='ltr'><strong>Nescio</strong></span> <span class='ocrx_word' id='word_1_117' title='bbox 318 1959 382 2019; x_wconf 89' lang='lat' dir='ltr'><strong>quo</strong></span> <span class='ocrx_word' id='word_1_118' title='bbox 396 1938 520 2000; x_wconf 89' lang='lat' dir='ltr'><strong>videam</strong></span> <span class='ocrx_word' id='word_1_119' title='bbox 533 1938 652 2020; x_wconf 82' lang='lat' dir='ltr'><strong>positos</strong></span> <span class='ocrx_word' id='word_1_120' title='bbox 665 1942 703 1999; x_wconf 91' lang='lat' dir='ltr'><strong>ut</strong></span> <span class='ocrx_word' id='word_1_121' title='bbox 718 1939 752 1999; x_wconf 89' lang='lat' dir='ltr'><strong>iu</strong></span> <span class='ocrx_word' id='word_1_122' title='bbox 766 1939 840 2000; x_wconf 90' lang='lat' dir='ltr'><strong>orbe</strong></span> <span class='ocrx_word' id='word_1_123' title='bbox 854 1938 1007 2012; x_wconf 84' lang='lat' dir='ltr'><strong>Tomitas,</strong></span> <span class='ocrx_word' id='word_1_124' title='bbox 1247 1943 1285 2002; x_wconf 88' lang='grc'><strong>85</strong></span> 
     </span>
     <span class='ocr_line' id='line_1_19' title="bbox 229 2035 790 2117; baseline 0 -21"><span class='ocrx_word' id='word_1_125' title='bbox 229 2035 343 2096; x_wconf 83' lang='lat' dir='ltr'><strong>exilem</strong></span> <span class='ocrx_word' id='word_1_126' title='bbox 358 2036 440 2097; x_wconf 79' lang='lat' dir='ltr'><strong>facio</strong></span> <span class='ocrx_word' id='word_1_127' title='bbox 454 2056 511 2117; x_wconf 87' lang='lat' dir='ltr'><strong>per</strong></span> <span class='ocrx_word' id='word_1_128' title='bbox 525 2056 595 2097; x_wconf 89' lang='lat' dir='ltr'><strong>mea</strong></span> <span class='ocrx_word' id='word_1_129' title='bbox 608 2038 681 2097; x_wconf 84' lang='lat' dir='ltr'><strong>vota</strong></span> <span class='ocrx_word' id='word_1_130' title='bbox 695 2036 790 2097; x_wconf 86' lang='lat' dir='ltr'><strong>viam.</strong></span> 
     </span>
    </p>

    <p class='ocr_par' dir='ltr' id='par_1_11' title="bbox 190 2130 964 2310">
     <span class='ocr_line' id='line_1_20' title="bbox 190 2130 926 2213; baseline 0 -19"><span class='ocrx_word' id='word_1_131' title='bbox 190 2130 252 2194; x_wconf 79' lang='lat' dir='ltr'><strong>Seu</strong></span> <span class='ocrx_word' id='word_1_132' title='bbox 267 2153 317 2194; x_wconf 90' lang='lat' dir='ltr'><strong>me</strong></span> <span class='ocrx_word' id='word_1_133' title='bbox 331 2132 475 2212; x_wconf 83' lang='lat' dir='ltr'><strong>diligitis,</strong></span> <span class='ocrx_word' id='word_1_134' title='bbox 492 2136 596 2195; x_wconf 89' lang='lat' dir='ltr'><strong>tantos</strong></span> <span class='ocrx_word' id='word_1_135' title='bbox 610 2133 797 2213; x_wconf 80' lang='lat' dir='ltr'><strong>compescite</strong></span> <span class='ocrx_word' id='word_1_136' title='bbox 811 2133 926 2194; x_wconf 86' lang='lat' dir='ltr'><strong>fluctus</strong></span> 
     </span>
     <span class='ocr_line' id='line_1_21' title="bbox 228 2230 964 2310; baseline 0 -20"><span class='ocrx_word' id='word_1_137' title='bbox 228 2249 391 2310; x_wconf 88' lang='lat' dir='ltr'><strong>pronaque</strong></span> <span class='ocrx_word' id='word_1_138' title='bbox 406 2230 470 2290; x_wconf 87' lang='lat' dir='ltr'><strong>sint</strong></span> <span class='ocrx_word' id='word_1_139' title='bbox 484 2233 608 2291; x_wconf 87' lang='lat' dir='ltr'><strong>nostrae</strong></span> <span class='ocrx_word' id='word_1_140' title='bbox 624 2230 756 2291; x_wconf 87' lang='lat' dir='ltr'><strong>numina</strong></span> <span class='ocrx_word' id='word_1_141' title='bbox 770 2234 872 2292; x_wconf 86' lang='lat' dir='ltr'><strong>vestra</strong></span> <span class='ocrx_word' id='word_1_142' title='bbox 888 2230 964 2306; x_wconf 84' lang='lat' dir='ltr'><strong>rati3</strong></span> 
     </span>
    </p>

    <p class='ocr_par' dir='ltr' id='par_1_12' title="bbox 189 2327 1285 2505">
     <span class='ocr_line' id='line_1_22' title="bbox 189 2327 975 2407; baseline -0.003 -18"><span class='ocrx_word' id='word_1_143' title='bbox 189 2347 244 2389; x_wconf 88' lang='lat' dir='ltr'><strong>seu</strong></span> <span class='ocrx_word' id='word_1_144' title='bbox 258 2327 358 2407; x_wconf 87' lang='lat' dir='ltr'><strong>magis</strong></span> <span class='ocrx_word' id='word_1_145' title='bbox 372 2327 493 2400; x_wconf 88' lang='lat' dir='ltr'><strong>odistis,</strong></span> <span class='ocrx_word' id='word_1_146' title='bbox 511 2327 611 2389; x_wconf 87' lang='lat' dir='ltr'><strong>iussae</strong></span> <span class='ocrx_word' id='word_1_147' title='bbox 626 2347 677 2389; x_wconf 89' lang='lat' dir='ltr'><strong>mc</strong></span> <span class='ocrx_word' id='word_1_148' title='bbox 691 2327 845 2389; x_wconf 85' lang='lat' dir='ltr'><strong>advertite</strong></span> <span class='ocrx_word' id='word_1_149' title='bbox 860 2330 975 2389; x_wconf 88' lang='lat' dir='ltr'><strong>terrae:</strong></span> 
     </span>
     <span class='ocr_line' id='line_1_23' title="bbox 229 2424 1285 2505; baseline 0.003 -19"><span class='ocrx_word' id='word_1_150' title='bbox 229 2424 378 2505; x_wconf 88' lang='lat' dir='ltr'><strong>supplicii</strong></span> <span class='ocrx_word' id='word_1_151' title='bbox 391 2444 464 2505; x_wconf 89' lang='lat' dir='ltr'><strong>pars</strong></span> <span class='ocrx_word' id='word_1_152' title='bbox 478 2427 525 2487; x_wconf 81' lang='lat' dir='ltr'><strong>cst</strong></span> <span class='ocrx_word' id='word_1_153' title='bbox 539 2425 573 2486; x_wconf 89' lang='lat' dir='ltr'><strong>in</strong></span> <span class='ocrx_word' id='word_1_154' title='bbox 588 2425 714 2505; x_wconf 85' lang='lat' dir='ltr'><strong>regione</strong></span> <span class='ocrx_word' id='word_1_155' title='bbox 728 2426 802 2486; x_wconf 88' lang='lat' dir='ltr'><strong>mei.</strong></span> <span class='ocrx_word' id='word_1_156' title='bbox 1247 2433 1285 2490; x_wconf 83' lang='grc'><strong>90</strong></span> 
     </span>
    </p>

    <p class='ocr_par' dir='ltr' id='par_1_13' title="bbox 189 2521 1143 2682">
     <span class='ocr_line' id='line_1_24' title="bbox 189 2521 1143 2603; baseline 0.003 -21"><span class='ocrx_word' id='word_1_157' title='bbox 189 2521 293 2594; x_wconf 85' lang='lat' dir='ltr'><strong>Ferte,</strong></span> <span class='ocrx_word' id='word_1_158' title='bbox 309 2559 350 2568; x_wconf 90' lang='lat'>—</span> <span class='ocrx_word' id='word_1_159' title='bbox 364 2523 441 2603; x_wconf 91' lang='lat' dir='ltr'><strong>quid</strong></span> <span class='ocrx_word' id='word_1_160' title='bbox 455 2521 508 2584; x_wconf 89' lang='lat' dir='ltr'><strong>hic</strong></span> <span class='ocrx_word' id='word_1_161' title='bbox 522 2521 630 2584; x_wconf 78' lang='lat' dir='ltr'><strong>facio?</strong></span> <span class='ocrx_word' id='word_1_162' title='bbox 643 2559 683 2570; x_wconf 90' lang='lat'><em>-</em></span> <span class='ocrx_word' id='word_1_163' title='bbox 697 2523 800 2603; x_wconf 87' lang='lat' dir='ltr'><strong>rapidi</strong></span> <span class='ocrx_word' id='word_1_164' title='bbox 815 2542 884 2584; x_wconf 85' lang='lat' dir='ltr'><strong>mea</strong></span> <span class='ocrx_word' id='word_1_165' title='bbox 897 2542 1027 2602; x_wconf 89' lang='lat' dir='ltr'><strong>corpora</strong></span> <span class='ocrx_word' id='word_1_166' title='bbox 1041 2523 1143 2585; x_wconf 81' lang='lat' dir='ltr'><strong>rentii</strong></span> 
     </span>
     <span class='ocr_line' id='line_1_25' title="bbox 230 2619 865 2682; baseline 0 -3"><span class='ocrx_word' id='word_1_167' title='bbox 230 2619 387 2681; x_wconf 87' lang='lat' dir='ltr'><strong>Ausonios</strong></span> <span class='ocrx_word' id='word_1_168' title='bbox 401 2621 480 2680; x_wconf 88' lang='lat' dir='ltr'><strong>fines</strong></span> <span class='ocrx_word' id='word_1_169' title='bbox 493 2639 551 2681; x_wconf 89' lang='lat' dir='ltr'><strong>cur</strong></span> <span class='ocrx_word' id='word_1_170' title='bbox 566 2640 634 2681; x_wconf 90' lang='lat' dir='ltr'><strong>mea</strong></span> <span class='ocrx_word' id='word_1_171' title='bbox 647 2620 716 2682; x_wconf 82' lang='lat' dir='ltr'><strong>vela</strong></span> <span class='ocrx_word' id='word_1_172' title='bbox 729 2621 865 2681; x_wconf 81' lang='lat' dir='ltr'><strong>volunt?</strong></span> 
     </span>
    </p>

    <p class='ocr_par' dir='ltr' id='par_1_14' title="bbox 189 2716 1085 2893">
     <span class='ocr_line' id='line_1_26' title="bbox 189 2716 1085 2797; baseline -0.001 -19"><span class='ocrx_word' id='word_1_173' title='bbox 189 2716 303 2778; x_wconf 84' lang='lat' dir='ltr'><strong>Noluit</strong></span> <span class='ocrx_word' id='word_1_174' title='bbox 318 2717 378 2778; x_wconf 91' lang='lat' dir='ltr'><strong>hcc</strong></span> <span class='ocrx_word' id='word_1_175' title='bbox 393 2716 519 2778; x_wconf 82' lang='lat' dir='ltr'><strong>Caesar:</strong></span> <span class='ocrx_word' id='word_1_176' title='bbox 541 2717 630 2796; x_wconf 89' lang='lat' dir='ltr'><strong>quid,</strong></span> <span class='ocrx_word' id='word_1_177' title='bbox 648 2736 742 2797; x_wconf 89' lang='lat' dir='ltr'><strong>quem</strong></span> <span class='ocrx_word' id='word_1_178' title='bbox 756 2717 849 2797; x_wconf 84' lang='lat' dir='ltr'><strong>fugat</strong></span> <span class='ocrx_word' id='word_1_179' title='bbox 865 2717 930 2788; x_wconf 89' lang='lat' dir='ltr'><strong>ille,</strong></span> <span class='ocrx_word' id='word_1_180' title='bbox 947 2717 1085 2778; x_wconf 82' lang='lat' dir='ltr'><strong>tenetis?</strong></span> 
     </span>
     <span class='ocr_line' id='line_1_27' title="bbox 230 2813 871 2893; baseline 0.002 -19"><span class='ocrx_word' id='word_1_181' title='bbox 230 2814 396 2893; x_wconf 76' lang='lat' dir='ltr'><strong>Adspiciat</strong></span> <span class='ocrx_word' id='word_1_182' title='bbox 410 2814 517 2875; x_wconf 84' lang='lat' dir='ltr'><strong>vultus</strong></span> <span class='ocrx_word' id='word_1_183' title='bbox 532 2813 666 2875; x_wconf 85' lang='lat' dir='ltr'><strong>Pontica</strong></span> <span class='ocrx_word' id='word_1_184' title='bbox 680 2817 764 2875; x_wconf 88' lang='lat' dir='ltr'><strong>terra</strong></span> <span class='ocrx_word' id='word_1_185' title='bbox 778 2834 871 2875; x_wconf 86' lang='lat' dir='ltr'><strong>meos.</strong></span> 
     </span>
    </p>

    <p class='ocr_par' dir='ltr' id='par_1_15' title="bbox 190 2910 1284 3090">
     <span class='ocr_line' id='line_1_28' title="bbox 190 2910 1284 2992; baseline 0.004 -21"><span class='ocrx_word' id='word_1_186' title='bbox 190 2910 234 2971; x_wconf 84' lang='lat' dir='ltr'><strong>Et</strong></span> <span class='ocrx_word' id='word_1_187' title='bbox 248 2910 346 2985; x_wconf 84' lang='lat' dir='ltr'><strong>iubet,</strong></span> <span class='ocrx_word' id='word_1_188' title='bbox 364 2915 397 2972; x_wconf 90' lang='lat' dir='ltr'><strong>et</strong></span> <span class='ocrx_word' id='word_1_189' title='bbox 410 2911 527 2972; x_wconf 89' lang='lat' dir='ltr'><strong>merui:</strong></span> <span class='ocrx_word' id='word_1_190' title='bbox 548 2930 618 2986; x_wconf 88' lang='lat' dir='ltr'><strong>nec,</strong></span> <span class='ocrx_word' id='word_1_191' title='bbox 635 2932 715 2992; x_wconf 88' lang='lat' dir='ltr'><strong>quae</strong></span> <span class='ocrx_word' id='word_1_192' title='bbox 729 2911 927 2972; x_wconf 88' lang='lat' dir='ltr'><strong>damnaverit</strong></span> <span class='ocrx_word' id='word_1_193' title='bbox 941 2911 1005 2985; x_wconf 85' lang='lat' dir='ltr'><strong>ille,</strong></span> <span class='ocrx_word' id='word_1_194' title='bbox 1247 2917 1284 2975; x_wconf 87' lang='grc'><strong>95</strong></span> 
     </span>
     <span class='ocr_line' id='line_1_29' title="bbox 229 3008 900 3090; baseline 0.003 -22"><span class='ocrx_word' id='word_1_195' title='bbox 229 3008 363 3070; x_wconf 90' lang='lat' dir='ltr'><strong>crimina</strong></span> <span class='ocrx_word' id='word_1_196' title='bbox 376 3008 505 3071; x_wconf 81' lang='lat' dir='ltr'><strong>defendi</strong></span> <span class='ocrx_word' id='word_1_197' title='bbox 520 3009 630 3088; x_wconf 79' lang='lat' dir='ltr'><strong>fasque</strong></span> <span class='ocrx_word' id='word_1_198' title='bbox 645 3009 798 3090; x_wconf 92' lang='lat' dir='ltr'><strong>piumque</strong></span> <span class='ocrx_word' id='word_1_199' title='bbox 813 3012 900 3089; x_wconf 90' lang='lat' dir='ltr'><strong>puto.</strong></span> 
     </span>
    </p>

    <p class='ocr_par' dir='ltr' id='par_1_16' title="bbox 190 3105 1000 3284">
     <span class='ocr_line' id='line_1_30' title="bbox 190 3105 1000 3186; baseline -0.001 -18"><span class='ocrx_word' id='word_1_200' title='bbox 190 3105 224 3168; x_wconf 85' lang='lat' dir='ltr'><strong>Si</strong></span> <span class='ocrx_word' id='word_1_201' title='bbox 239 3110 345 3168; x_wconf 88' lang='lat' dir='ltr'><strong>tamen</strong></span> <span class='ocrx_word' id='word_1_202' title='bbox 360 3110 430 3168; x_wconf 86' lang='lat' dir='ltr'><strong>acta</strong></span> <span class='ocrx_word' id='word_1_203' title='bbox 443 3107 517 3168; x_wconf 90' lang='lat' dir='ltr'><strong>deos</strong></span> <span class='ocrx_word' id='word_1_204' title='bbox 531 3126 696 3186; x_wconf 87' lang='lat' dir='ltr'><strong>nunquam</strong></span> <span class='ocrx_word' id='word_1_205' title='bbox 711 3107 857 3168; x_wconf 82' lang='lat' dir='ltr'><strong>mortalia</strong></span> <span class='ocrx_word' id='word_1_206' title='bbox 870 3106 1000 3180; x_wconf 79' lang='lat' dir='ltr'><strong>fallunt,</strong></span> 
     </span>
     <span class='ocr_line' id='line_1_31' title="bbox 228 3204 803 3284; baseline -0.002 -19"><span class='ocrx_word' id='word_1_207' title='bbox 228 3223 247 3265; x_wconf 83' lang='lat' dir='ltr'><strong>a</strong></span> <span class='ocrx_word' id='word_1_208' title='bbox 261 3204 355 3284; x_wconf 86' lang='lat' dir='ltr'><strong>culpa</strong></span> <span class='ocrx_word' id='word_1_209' title='bbox 368 3204 493 3265; x_wconf 84' lang='lat' dir='ltr'><strong>facinus</strong></span> <span class='ocrx_word' id='word_1_210' title='bbox 506 3204 593 3265; x_wconf 89' lang='lat' dir='ltr'><strong>scitis</strong></span> <span class='ocrx_word' id='word_1_211' title='bbox 606 3205 710 3266; x_wconf 85' lang='lat' dir='ltr'><strong>abesse</strong></span> <span class='ocrx_word' id='word_1_212' title='bbox 725 3224 803 3265; x_wconf 86' lang='lat' dir='ltr'><strong>mea.</strong></span> 
     </span>
    </p>

    <p class='ocr_par' dir='ltr' id='par_1_17' title="bbox 188 3301 969 3478">
     <span class='ocr_line' id='line_1_32' title="bbox 188 3301 969 3375; baseline 0.001 -14"><span class='ocrx_word' id='word_1_213' title='bbox 188 3301 293 3361; x_wconf 88' lang='lat' dir='ltr'><strong>Immo</strong></span> <span class='ocrx_word' id='word_1_214' title='bbox 307 3301 352 3362; x_wconf 87' lang='lat' dir='ltr'><strong>ite</strong></span> <span class='ocrx_word' id='word_1_215' title='bbox 366 3301 391 3362; x_wconf 90' lang='lat' dir='ltr'><strong>si</strong></span> <span class='ocrx_word' id='word_1_216' title='bbox 406 3301 502 3375; x_wconf 87' lang='lat' dir='ltr'><strong>scitis,</strong></span> <span class='ocrx_word' id='word_1_217' title='bbox 520 3301 546 3363; x_wconf 87' lang='lat' dir='ltr'><strong>si</strong></span> <span class='ocrx_word' id='word_1_218' title='bbox 561 3322 611 3363; x_wconf 90' lang='lat' dir='ltr'><strong>me</strong></span> <span class='ocrx_word' id='word_1_219' title='bbox 625 3322 714 3363; x_wconf 88' lang='lat' dir='ltr'><strong>meus</strong></span> <span class='ocrx_word' id='word_1_220' title='bbox 728 3301 859 3363; x_wconf 83' lang='lat' dir='ltr'><strong>abstulit</strong></span> <span class='ocrx_word' id='word_1_221' title='bbox 873 3322 969 3375; x_wconf 91' lang='lat' dir='ltr'><strong>error,</strong></span> 
     </span>
     <span class='ocr_line' id='line_1_33' title="bbox 229 3399 943 3478; baseline 0 -20"><span class='ocrx_word' id='word_1_222' title='bbox 229 3399 388 3478; x_wconf 82' lang='lat' dir='ltr'><strong>stultaque</strong></span> <span class='ocrx_word' id='word_1_223' title='bbox 404 3419 492 3460; x_wconf 89' lang='lat' dir='ltr'><strong>mens</strong></span> <span class='ocrx_word' id='word_1_224' title='bbox 506 3399 606 3473; x_wconf 86' lang='lat' dir='ltr'><strong>nobis,</strong></span> <span class='ocrx_word' id='word_1_225' title='bbox 623 3419 688 3461; x_wconf 87' lang='lat' dir='ltr'><strong>non</strong></span> <span class='ocrx_word' id='word_1_226' title='bbox 702 3399 850 3460; x_wconf 87' lang='lat' dir='ltr'><strong>scelerata</strong></span> <span class='ocrx_word' id='word_1_227' title='bbox 863 3399 943 3460; x_wconf 79' lang='lat' dir='ltr'><strong>fuit:</strong></span> 
     </span>
    </p>

    <p class='ocr_par' dir='ltr' id='par_1_18' title="bbox 188 3495 966 3675">
     <span class='ocr_line' id='line_1_34' title="bbox 188 3495 966 3575; baseline 0 -19"><span class='ocrx_word' id='word_1_228' title='bbox 188 3496 274 3575; x_wconf 92' lang='lat' dir='ltr'><strong>quod</strong></span> <span class='ocrx_word' id='word_1_229' title='bbox 288 3496 363 3556; x_wconf 88' lang='lat' dir='ltr'><strong>licet</strong></span> <span class='ocrx_word' id='word_1_230' title='bbox 377 3498 409 3557; x_wconf 87' lang='lat' dir='ltr'><strong>ct</strong></span> <span class='ocrx_word' id='word_1_231' title='bbox 423 3496 573 3569; x_wconf 87' lang='lat' dir='ltr'><strong>minimis,</strong></span> <span class='ocrx_word' id='word_1_232' title='bbox 591 3496 700 3557; x_wconf 91' lang='lat' dir='ltr'><strong>domui</strong></span> <span class='ocrx_word' id='word_1_233' title='bbox 715 3497 740 3557; x_wconf 89' lang='lat' dir='ltr'><strong>si</strong></span> <span class='ocrx_word' id='word_1_234' title='bbox 754 3496 892 3557; x_wconf 84' lang='lat' dir='ltr'><strong>favimus</strong></span> <span class='ocrx_word' id='word_1_235' title='bbox 906 3495 966 3571; x_wconf 87' lang='lat' dir='ltr'><strong>illi,</strong></span> 
     </span>
     <span class='ocr_line' id='line_1_35' title="bbox 229 3592 843 3675; baseline 0.002 -23"><span class='ocrx_word' id='word_1_236' title='bbox 229 3592 255 3653; x_wconf 76' lang='lat' dir='ltr'><strong>si</strong></span> <span class='ocrx_word' id='word_1_237' title='bbox 269 3592 344 3653; x_wconf 82' lang='lat' dir='ltr'><strong>satis</strong></span> <span class='ocrx_word' id='word_1_238' title='bbox 358 3593 496 3673; x_wconf 82' lang='lat' dir='ltr'><strong>Augusti</strong></span> <span class='ocrx_word' id='word_1_239' title='bbox 511 3594 637 3675; x_wconf 91' lang='lat' dir='ltr'><strong>publica</strong></span> <span class='ocrx_word' id='word_1_240' title='bbox 651 3593 734 3655; x_wconf 82' lang='lat' dir='ltr'><strong>iussa</strong></span> <span class='ocrx_word' id='word_1_241' title='bbox 748 3593 843 3653; x_wconf 89' lang='lat' dir='ltr'><strong>mihi:</strong></span> 
     </span>
    </p>

    <p class='ocr_par' dir='ltr' id='par_1_19' title="bbox 187 3689 894 3869">
     <span class='ocr_line' id='line_1_36' title="bbox 187 3689 854 3772; baseline 0.001 -21"><span class='ocrx_word' id='word_1_242' title='bbox 187 3689 248 3752; x_wconf 90' lang='lat' dir='ltr'><strong>hcc</strong></span> <span class='ocrx_word' id='word_1_243' title='bbox 262 3690 342 3752; x_wconf 89' lang='lat' dir='ltr'><strong>duce</strong></span> <span class='ocrx_word' id='word_1_244' title='bbox 356 3690 382 3751; x_wconf 88' lang='lat' dir='ltr'><strong>si</strong></span> <span class='ocrx_word' id='word_1_245' title='bbox 396 3690 464 3751; x_wconf 84' lang='lat' dir='ltr'><strong>dixi</strong></span> <span class='ocrx_word' id='word_1_246' title='bbox 478 3690 584 3753; x_wconf 84' lang='lat' dir='ltr'><strong>felicia</strong></span> <span class='ocrx_word' id='word_1_247' title='bbox 598 3691 720 3752; x_wconf 86' lang='lat' dir='ltr'><strong>saecula</strong></span> <span class='ocrx_word' id='word_1_248' title='bbox 734 3710 854 3772; x_wconf 89' lang='lat' dir='ltr'><strong>proque</strong></span> 
     </span>
     <span class='ocr_line' id='line_1_37' title="bbox 230 3785 894 3869; baseline 0.002 -21"><span class='ocrx_word' id='word_1_249' title='bbox 230 3785 360 3849; x_wconf 84' lang='lat' dir='ltr'><strong>ansare</strong></span> <span class='ocrx_word' id='word_1_250' title='bbox 375 3791 446 3849; x_wconf 84' lang='lat' dir='ltr'><strong>tura</strong></span> <span class='ocrx_word' id='word_1_251' title='bbox 460 3788 531 3869; x_wconf 90' lang='lat' dir='ltr'><strong>pius</strong></span> <span class='ocrx_word' id='word_1_252' title='bbox 547 3788 792 3868; x_wconf 80' lang='lat' dir='ltr'><strong>Caesaribusque</strong></span> <span class='ocrx_word' id='word_1_253' title='bbox 806 3788 894 3849; x_wconf 88' lang='lat' dir='ltr'><strong>dedi:</strong></span> 
     </span>
    </p>
   </div>
   <div class='ocr_carea' id='block_1_3' title="bbox 159 3883 956 4065">
    <p class='ocr_par' dir='ltr' id='par_1_20' title="bbox 159 3883 956 4065">
     <span class='ocr_line' id='line_1_38' title="bbox 187 3883 915 3966; baseline -0.001 -19"><span class='ocrx_word' id='word_1_254' title='bbox 187 3883 214 3947; x_wconf 86' lang='lat' dir='ltr'><strong>si</strong></span> <span class='ocrx_word' id='word_1_255' title='bbox 229 3884 294 3946; x_wconf 73' lang='lat' dir='ltr'><strong>fuit</strong></span> <span class='ocrx_word' id='word_1_256' title='bbox 307 3885 360 3946; x_wconf 91' lang='lat' dir='ltr'><strong>hic</strong></span> <span class='ocrx_word' id='word_1_257' title='bbox 374 3886 499 3948; x_wconf 85' lang='lat' dir='ltr'><strong>animus</strong></span> <span class='ocrx_word' id='word_1_258' title='bbox 513 3887 613 3960; x_wconf 88' lang='lat' dir='ltr'><strong>uobis,</strong></span> <span class='ocrx_word' id='word_1_259' title='bbox 629 3886 675 3947; x_wconf 88' lang='lat' dir='ltr'><strong>ita</strong></span> <span class='ocrx_word' id='word_1_260' title='bbox 688 3886 818 3966; x_wconf 82' lang='lat' dir='ltr'><strong>parcite,</strong></span> <span class='ocrx_word' id='word_1_261' title='bbox 835 3886 915 3947; x_wconf 87' lang='lat' dir='ltr'><strong>divi!</strong></span> 
     </span>
     <span class='ocr_line' id='line_1_39' title="bbox 159 3980 956 4065; baseline 0.001 -20"><span class='ocrx_word' id='word_1_262' title='bbox 159 4003 163 4016; x_wconf 87' lang='lat'><strong>·</strong></span> <span class='ocrx_word' id='word_1_263' title='bbox 229 3980 263 4045; x_wconf 88' lang='lat' dir='ltr'><strong>Si</strong></span> <span class='ocrx_word' id='word_1_264' title='bbox 277 3982 394 4059; x_wconf 89' lang='lat' dir='ltr'><strong>minus,</strong></span> <span class='ocrx_word' id='word_1_265' title='bbox 411 3985 476 4046; x_wconf 83' lang='lat' dir='ltr'><strong>alta</strong></span> <span class='ocrx_word' id='word_1_266' title='bbox 489 3986 603 4048; x_wconf 84' lang='lat' dir='ltr'><strong>cadens</strong></span> <span class='ocrx_word' id='word_1_267' title='bbox 616 3984 730 4054; x_wconf 86' lang='lat' dir='ltr'><strong>obruat</strong></span> <span class='ocrx_word' id='word_1_268' title='bbox 744 3985 831 4046; x_wconf 89' lang='lat' dir='ltr'><strong>unda</strong></span> <span class='ocrx_word' id='word_1_269' title='bbox 844 3985 956 4065; x_wconf 80' lang='lat' dir='ltr'><strong>caput!</strong></span> 
     </span>
    </p>
   </div>
   <div class='ocr_carea' id='block_1_4' title="bbox 0 0 1486 4380">
    <p class='ocr_par' dir='ltr' id='par_1_21' title="bbox 0 0 1486 4380">
     <span class='ocr_line' id='line_1_40' title="bbox 0 0 1486 4380; baseline 0 1"><span class='ocrx_word' id='word_1_270' title='bbox 0 0 1486 4380; x_wconf 95' lang='lat' dir='ltr'><strong> </strong></span> 
     </span>
    </p>
   </div>
  </div>
 </body>
</html>
