2964 4380
243 222 262 270 2
438 223 463 268 Ρ.
491 224 604 272 ovruu
627 226 778 273 NASONIS
799 227 962 272 cortulus
985 227 1140 274 seusun.

325 371 505 455 Postquam,
524 374 661 439 Saturno
675 378 839 440 tenebrosa
853 377 888 438 in
903 378 1036 439 Tartara
1050 378 1155 452 misso,

243 469 301 530 sub
316 469 389 532 Iove
403 472 543 534 mundus
557 477 635 548 erat,
652 474 751 536 subiit
771 479 992 556 argentea
1012 476 1125 556 proles,

242 585 319 628 auro
333 567 480 644 deterior,
497 570 586 633 fulvo
601 571 766 652 pretiosior
779 593 856 634 aere.

243 662 389 744 Iuppiter
403 667 526 748 antiqui
541 669 701 732 contraxit
715 673 858 750 tempora
873 667 964 744 veris,

242 782 360 844 perque
373 763 491 826 hiemes
505 767 669 845 aestusque
683 769 716 826 et
730 765 908 846 inaequales
922 773 1094 830 autumnos

243 865 275 921 ot
288 860 380 923 breve
397 881 448 923 ver
462 859 571 944 spatiis
584 862 689 944 exegit
703 867 854 944 quattuor
868 885 1000 926 annum.

243 957 335 1019 Tune
350 958 489 1040 primum
503 959 592 1022 siccis
606 965 661 1022 aer
675 961 851 1023 fervoribus
866 965 956 1024 ustus

243 1057 373 1118 canduit
387 1061 420 1119 et
435 1058 536 1121 ventis
549 1059 665 1140 glacies
678 1060 829 1122 adstricta
844 1061 1004 1141 pependit.

243 1154 335 1216 Tunc
351 1155 489 1236 primum
505 1156 626 1219 subiere
640 1157 762 1218 domus.
809 1157 931 1219 Domus
944 1163 1037 1219 antra
1047 1159 1180 1220 fuerunt
1216 1211 1218 1216 ,

241 1254 275 1312 et
288 1252 377 1313 densi
391 1253 523 1316 frutices
536 1257 569 1318 et
585 1254 706 1316 vinctae
721 1255 837 1316 cortice
853 1255 966 1334 virgae.

243 1348 369 1411 Semina
384 1354 462 1413 tunc
476 1351 616 1432 primum
630 1352 733 1432 longis
749 1353 890 1414 Cerealia
904 1353 999 1415 sulcis

242 1446 355 1510 obruta
369 1451 454 1523 sunt,
472 1449 630 1531 pressique
645 1448 720 1530 iugo
734 1470 882 1531 gemuere
896 1450 1033 1512 iuvenci.

323 1545 431 1608 Tertia
445 1551 516 1627 post
530 1546 618 1608 illam
633 1548 781 1609 successit
801 1553 846 1610 ad
858 1569 876 1609 n
888 1569 933 1610 ea
952 1549 1065 1630 proles,

242 1642 360 1704 saevior
374 1643 511 1724 ingeniis
525 1649 557 1706 et
571 1646 610 1706 ad
626 1645 754 1707 horrida
768 1645 945 1726 promptior
959 1667 1056 1720 arma,

242 1761 307 1804 non
321 1744 469 1806 scelerata
484 1749 599 1806 tamen.
646 1745 694 1806 De
708 1745 789 1807 duro
803 1748 850 1807 est
865 1745 979 1807 ultima
1001 1747 1135 1807 forro.

242 1839 392 1902 Protinus
407 1841 530 1922 inrupit
545 1862 641 1904 venae
655 1841 770 1923 peioris
784 1842 818 1904 in
832 1863 945 1904 aevrsm

242 1958 335 2000 omne
351 1940 451 2000 nefas:
474 1940 585 2020 iugero
599 1941 702 2020 pudor
717 1960 888 2023 verumque
906 1941 1055 2022 fidesque.

242 2034 281 2096 In
297 2056 431 2117 quorum
445 2037 568 2098 subiere
582 2037 687 2098 locum
701 2037 891 2120 fraudesque
905 2038 1031 2119 dolique

242 2132 435 2215 insidiaeque
450 2137 481 2196 ot
498 2134 543 2196 vis
557 2139 589 2196 ct
602 2155 690 2197 amor
704 2136 872 2198 sceleratus
886 2136 1033 2198 habendi.

242 2230 322 2292 Vela
335 2231 430 2293 dabat
445 2233 557 2306 ventio,
575 2253 632 2295 nec
646 2234 751 2295 adhuc
765 2235 844 2296 bene
858 2239 988 2296 noverat
1002 2234 1082 2308 illos,

241 2328 363 2404 navita3
386 2350 527 2411 quaeque
542 2330 597 2392 diu
613 2331 813 2392 steterentin
828 2331 990 2393 montibus
1003 2331 1086 2404 ultis,

241 2425 390 2488 fluctibus
405 2427 522 2507 ignotis
537 2428 727 2490 insultavere
741 2429 874 2491 carinae.

243 2523 514 2606 Communemque
528 2526 616 2606 prius
630 2547 687 2586 ceu
703 2527 825 2588 lumina
839 2527 912 2588 solis
926 2531 958 2588 et
971 2546 1063 2588 auras

241 2626 353 2683 cautus
368 2623 502 2684 humum
517 2624 611 2704 longo
626 2624 763 2703 signarit
777 2625 879 2685 limite
893 2645 1028 2686 meusor.

242 2719 309 2781 Neo
326 2723 450 2781 tantum
466 2724 585 2800 segetes
598 2721 811 2803 alimentaque
825 2721 932 2783 debita
946 2721 1032 2783 dives

241 2817 427 2896 poscebatur
441 2818 569 2893 humus,
586 2819 639 2880 sed
655 2819 737 2880 itum
752 2823 799 2880 est
813 2819 847 2880 in
863 2819 981 2880 viscera
994 2823 1109 2880 terrae:

242 2934 380 2996 quasque
395 2916 612 2977 recondiderat
628 2916 806 2997 Stygiisque
820 2918 1003 2978 admoverat
1016 2916 1147 2990 umbris,

241 3013 438 3074 effodiuntur
452 3034 535 3093 opes,
554 3013 760 3075 inritamenta
774 3014 939 3076 malorum.

241 3109 372 3191 Iamque
388 3130 502 3172 nocens
517 3111 637 3172 ferrum
653 3112 799 3192 ferroque
815 3113 981 3174 nocentius
994 3132 1108 3174 aurum

241 3208 414 3288 prodierat:
437 3209 544 3288 prodit
558 3209 687 3283 bellum,
705 3211 788 3290 quod
804 3215 927 3290 pugnat
941 3213 1086 3291 utroque,

241 3305 474 3387 sanguineaque
489 3326 586 3367 manu
601 3307 789 3387 crepitantia
803 3307 945 3371 concutit
959 3327 1056 3369 arma.

241 3402 371 3464 Vivitur
385 3423 423 3464 ox
438 3407 543 3483 rapto:
565 3424 630 3465 non
645 3404 758 3484 hospes
772 3406 811 3466 ab
826 3405 949 3485 hospite
964 3409 1064 3478 tutus,

241 3520 306 3560 non
321 3519 407 3561 socer
420 3521 439 3561 a
452 3521 581 3579 gener03
604 3503 742 3563 fratrum
757 3523 880 3583 quoque
895 3502 997 3581 gratia
1011 3522 1081 3564 rara
1094 3503 1151 3564 est.

241 3597 383 3659 Inminet
398 3597 495 3659 exitio
511 3597 557 3659 vir
571 3585 725 3680 coniugis,
743 3599 799 3660 illa
813 3599 935 3676 mariti3

241 3694 346 3756 lurida
360 3695 515 3758 terribiles
531 3696 664 3758 miscent
678 3697 803 3760 aconita
818 3717 982 3772 novereae;

242 3791 326 3852 filius
339 3801 413 3854 ante
427 3792 511 3854 diem
526 3793 644 3873 patrios
659 3794 794 3876 inquirit
808 3795 842 3855 in
857 3813 965 3855 annos.

242 3889 336 3950 Victa
351 3890 430 3951 iacet
445 3890 555 3970 pietas,
571 3896 604 3952 et
619 3891 707 3970 virgo
721 3893 815 3953 caede
830 3892 1002 3963 madentes,

243 3985 356 4048 ultima
370 3987 549 4060 caelestum,
568 3991 665 4049 terras
680 3988 860 4050 Astraea
885 3986 1022 4068 reliquit.
