2964 4380
337 205 406 252 rna
427 205 533 251 ruooo
556 204 596 250 or
619 191 1060 256 arvernos-pumma.
1231 209 1251 276 7

140 375 231 437 quae
246 356 340 420 modo
355 377 434 419 vena
448 356 522 431 tuit,
540 355 598 418 sub
613 356 722 418 eodem
738 357 866 420 nomine
880 358 1012 436 mansit;
1190 364 1250 422 410

140 453 248 534 inque
262 454 349 516 brevi
363 454 465 534 spatio
480 474 666 534 superorum
681 455 813 517 numine
827 475 901 518 saxa

141 553 246 614 missa
259 551 319 614 viri
334 551 480 614 manibus
494 552 607 615 faciem
623 556 745 614 traxere
760 552 911 630 virorum,

141 653 182 712 et
197 651 237 711 de
251 650 390 712 feminco
405 656 548 731 reparata
561 654 609 712 est
622 651 743 713 femina
757 650 851 714 iactu.

233 748 312 810 Inde
327 768 427 827 genus
441 749 559 809 durum
574 768 682 810 sumus
697 749 922 831 experiensque
936 749 1080 812 laborum

142 850 182 906 et
198 844 389 907 documenta
402 845 525 920 damus,
542 865 605 926 qua
619 845 718 908 simus
732 844 853 926 origine
867 845 947 908 nati.
1190 850 1249 910 415

530 1189 559 1246 3.
599 1171 801 1246 PHAMTH
802 1185 872 1248 ΟΝ.

33 1373 34 1380 ’
147 1381 231 1424 Mau.
249 1381 287 1425 11.
308 1367 397 1437 1-69,
415 1367 545 1437 sir-192,
570 1367 720 1436 noa-216,
745 1367 897 1437 aar-236,
922 1367 1071 1437 254-256,
1096 1368 1247 1438 aco-un,

622 1464 771 1522 304-328.

233 1639 330 1719 Regia
345 1639 425 1701 Solis
438 1643 506 1701 erat
520 1638 708 1700 sublimibus
722 1639 786 1700 alta
800 1638 967 1712 columnis,

34 1716 38 1807 ἶ
149 1737 236 1798 clara
250 1736 385 1798 micante
399 1755 476 1798 auro
490 1735 693 1816 flammasque
712 1735 860 1798 imitante
874 1756 1008 1816 pyropo:

149 1834 242 1896 cuius
256 1834 334 1896 ebur
347 1833 487 1895 nitidum
502 1833 630 1914 fastigia
644 1853 768 1895 summa
782 1834 918 1914 tegebat,

149 1931 275 2011 argenti
289 1931 406 1994 bifores
420 1931 586 1993 radiabant
598 1931 721 1994 lumine
734 1932 851 1994 valvas.

151 2029 319 2091 Materiam
334 2029 501 2110 superabat
514 2049 608 2109 opus:
631 2049 705 2090 nam
720 2030 876 2106 Mulciber
890 2029 956 2090 illio

151 2148 287 2208 aequora
300 2127 434 2188 caelarat
447 2127 566 2189 medias
580 2127 741 2206 cingentia
756 2132 865 2202 terras,

151 2229 370 2305 terrarumque
384 2225 502 2298 orbem,
519 2224 703 2305 caelumque
718 2225 801 2305 quod
818 2223 954 2285 inminet
968 2224 1045 2285 orbi.

153 2321 319 2384 Caeruleos
333 2321 429 2383 habet
443 2322 530 2382 unda
544 2323 628 2396 deos,
646 2322 780 2383 Tritona
794 2341 946 2383 canorum

153 2421 327 2499 Proteaque
342 2418 538 2498 ambiguum,
555 2418 820 2499 balaenarumque
835 2421 1031 2498 prementem

152 2516 319 2596 Aegaeona
332 2515 397 2576 suis
411 2515 552 2577 inmania
568 2520 658 2596 terga
670 2516 805 2589 lacertis,

154 2613 334 2694 Doridaque
348 2617 380 2674 et
394 2615 493 2685 natas,
512 2633 645 2694 quarum
660 2632 732 2693 pars
746 2632 821 2673 nare
836 2609 973 2684 videtur,

153 2731 224 2792 pars
238 2711 272 2771 in
286 2711 368 2772 mole
383 2711 495 2772 sedens
508 2710 623 2772 virides
637 2710 752 2771 siccare
767 2709 906 2790 capillos,

153 2809 236 2889 pisce
250 2807 322 2870 vehi
337 2808 506 2890 quaedam3
527 2807 624 2869 iacies
637 2827 703 2869 non
717 2807 864 2868 omnibus
878 2826 953 2878 una,

154 2925 217 2966 non
232 2905 353 2968 divorsa
367 2909 485 2979 tamen,
502 2905 627 2985 qualem
642 2905 732 2966 dccet
746 2924 810 2965 esse
825 2923 978 2965 sororum.

155 3004 251 3064 Terra
263 3002 347 3064 viros
361 3003 515 3083 urbesque
528 3002 611 3082 gerit
625 3003 780 3082 silvasque
795 3003 938 3080 ferasque

156 3099 345 3182 fluminaque
359 3105 392 3162 et
406 3099 561 3182 nymphas
575 3103 607 3162 ct
621 3103 724 3162 cetera
738 3099 872 3160 numina
886 3098 979 3159 ruris.

156 3198 241 3259 Hauc
254 3218 347 3278 super
361 3198 510 3278 imposita
523 3201 569 3259 est
583 3197 661 3259 caeli
676 3196 831 3277 fulgentis
845 3195 948 3273 imago

156 3294 303 3375 signaque
318 3315 370 3355 sex
384 3294 506 3356 foribus
519 3294 638 3356 dextris
652 3293 850 3373 totidemque
864 3283 1008 3353 sinistris.

234 3391 302 3465 Quo
317 3391 411 3452 simul
426 3390 534 3452 acclivi
552 3391 734 3471 Clymeneia
747 3389 851 3451 limite
865 3390 968 3470 proles

156 3487 241 3549 venit
254 3492 287 3549 et
300 3487 432 3549 intravit
445 3488 582 3549 dubitati
599 3491 680 3549 tecta
695 3487 845 3568 parentis,

38 3624 40 3674 ς
156 3585 299 3667 protinus
312 3587 352 3648 ad
366 3585 486 3667 patrios
500 3606 556 3647 sua
569 3586 633 3646 fert
647 3583 780 3665 vestigia
794 3585 902 3645 vultus

158 3683 359 3764 consistitque
372 3683 498 3764 procul:
520 3703 622 3763 neque
637 3682 722 3744 enim
737 3681 885 3762 propiora
899 3681 1019 3742 ferebat

156 3780 282 3843 lumina
329 3781 494 3861 Purpurea
507 3781 628 3841 velatus
642 3784 726 3841 veste
740 3778 868 3841 sedebat

158 3879 189 3940 in
203 3877 278 3940 solio
293 3877 438 3939 Phoebus
452 3876 544 3939 claris
558 3877 684 3938 lucente
699 3875 882 3956 zmaragdis.

160 3975 186 4038 A
199 3976 309 4038 dextra
321 3975 470 4057 laevaque
485 3974 561 4036 Dios
575 3978 608 4035 et
624 3973 741 4035 Mensis
755 3979 787 4036 et
802 3973 917 4033 Annus
