2964 4380
222 217 258 279 18
415 233 441 277 r.
468 229 583 278 ov1n11
605 229 756 278 ursonrs
778 229 942 300 oramus
963 231 1118 280 sansoni.

218 401 292 443 curn
307 382 405 456 lieret,
423 381 524 462 paries
537 381 647 443 domui
662 382 840 444 communis
853 383 990 463 utrique.

218 479 258 540 Id
272 479 388 540 vitium
402 479 483 540 nulli
497 499 554 561 per
569 479 690 540 saecula
704 479 799 560 longa
813 483 960 541 notatum

221 577 313 658 (quid
329 598 393 639 non
407 577 504 639 sentit
518 598 606 640 amor
615 577 643 657 t)
660 577 755 658 primi
770 577 893 639 vidistis
908 580 1061 652 amantes,

219 680 253 736 et
269 675 350 737 vocis
364 675 483 736 fecistis
497 675 572 752 iter;
594 679 744 756 tutaeque
759 695 815 756 per
826 674 907 736 illud

220 793 383 834 murmure
397 773 569 834 blanditiae
583 773 717 834 minimo
735 772 868 834 transire
882 773 1032 834 solebant.

302 869 409 951 Saepe,
427 871 482 932 ubi
497 870 706 932 constiterant
722 870 798 931 hinc
814 870 941 943 Thisbe,
960 871 1113 950 Pyramus
1127 870 1226 944 illinc,

223 967 374 1028 ‘Invide’
392 968 539 1030 dicebant
555 967 687 1048 ‘paries
705 968 781 1048 qnid
797 968 976 1028 amantibus
990 968 1117 1028 obstas?

220 1064 288 1125 Nec
302 1085 411 1125 sumus
425 1065 557 1144 ingrati:
581 1065 639 1126 tibi
653 1085 710 1126 nos
724 1066 836 1126 debere
850 1065 1000 1139 fatemur,

224 1163 306 1242 quod
324 1163 417 1222 datus
431 1171 478 1223 cst
493 1163 593 1223 verbis
607 1163 647 1223 od
662 1163 778 1223 amicas
793 1163 945 1249 transitus
960 1163 1075 1224 aurea'

302 1259 392 1321 Talia
406 1261 528 1320 diversa
541 1260 734 1340 nequiquam
750 1261 820 1321 sede
835 1260 934 1321 locuti

220 1357 278 1418 sub
293 1361 418 1418 noctem
432 1357 538 1418 dixere
552 1357 631 1431 vale,
648 1357 795 1437 partique
811 1358 922 1418 dedere

175 1489 177 1496 ·
220 1453 326 1515 oscula
340 1455 470 1535 quisque
485 1475 557 1516 suae
572 1474 636 1515 non
651 1455 867 1536 pervenientia
881 1459 1000 1516 contra.

302 1553 430 1614 Postera
444 1556 616 1615 nocturnos
629 1573 741 1614 aurora
755 1557 930 1614 removerat
945 1552 1044 1630 ignes,

220 1650 327 1730 solque
341 1650 505 1730 pruinosas
519 1650 615 1711 radiis
629 1650 797 1711 siccaverat
811 1649 937 1710 herbas:

220 1748 260 1808 ad
275 1747 404 1808 solitum
419 1747 649 1808 coierelocum.
693 1747 777 1807 Tum
791 1767 954 1816 murmure
968 1766 1065 1827 parvo
1157 1774 1162 1783 ·

220 1845 323 1905 multa
337 1845 424 1925 prius
439 1844 551 1924 questi,
569 1847 726 1917 statuunt,
743 1847 781 1904 ut
795 1848 887 1905 nocte
901 1843 1008 1905 silenti
1130 1837 1134 1844 ’

220 1942 329 2003 fallere
344 1943 487 2003 custodes
501 1942 684 2022 foribusque
698 1942 846 2003 excedere
861 1945 1031 2021 temptent,

221 2060 357 2121 cumque
373 2041 465 2102 domo
480 2040 624 2113 exierint,
642 2039 729 2099 urbis
743 2059 867 2120 quoque
883 2043 966 2100 tecta
980 2039 1177 2118 relinquant:

221 2157 299 2198 neve
314 2137 355 2198 sit
369 2137 537 2198 errandum
553 2137 618 2199 lato
633 2136 843 2218 spatiantibus
857 2157 942 2210 aruc,

221 2235 410 2296 conveniant
424 2236 463 2296 ad
478 2235 570 2296 busta
585 2234 663 2296 Nini
678 2235 859 2315 lateantque
874 2235 931 2295 sub
946 2234 1059 2320 umbra

220 2332 349 2393 arboris.
394 2332 497 2392 Arbor
511 2332 565 2406 ibi,
584 2331 682 2392 niveis
696 2331 855 2392 uberrima
868 2332 971 2411 pomis

221 2431 320 2492 ardua
334 2450 450 2503 morus,
468 2434 544 2503 erat,
562 2429 665 2510 gelido
680 2429 877 2490 contermina
890 2430 985 2491 fonti.
1045 2418 1052 2426 ,

223 2528 319 2588 Pacta
332 2528 467 2608 placent
513 2527 556 2587 nt
569 2527 637 2601 lux,
655 2527 743 2588 tarde
758 2527 915 2588 discedere
929 2527 1005 2600 visa,
1084 2515 1086 2518 ⁵

221 2625 450 2705 praecipitatur
463 2625 562 2705 aquis,
579 2628 612 2685 et
625 2624 714 2704 aquis
729 2645 792 2685 nox
806 2625 871 2685 exit
885 2625 924 2685 ab
938 2625 1047 2685 isdem.

303 2722 424 2783 Callida
438 2742 495 2802 per
508 2722 652 2783 tenebras
666 2727 786 2784 versato
802 2722 928 2784 cardine
944 2722 1060 2782 Thisbe

221 2819 382 2900 egreditur
396 2820 542 2900 fallitque
557 2839 637 2894 suos,
654 2820 866 2900 adopertaque
880 2819 1005 2880 vultum

221 2917 418 2998 pervenitad
437 2916 610 2989 tumulum,
628 2917 774 2995 dictaque
789 2916 847 2977 sub
861 2916 969 2977 arbore
984 2915 1074 2976 sedit.

222 3015 384 3075 Audacem
399 3013 535 3075 faciebat
549 3033 644 3075 amor.
690 3013 789 3074 Venit
803 3033 872 3074 ecce
888 3012 1005 3074 receuti

221 3114 314 3174 caede
329 3112 436 3174 leaena
450 3113 546 3172 boum
561 3114 743 3191 spumantes
757 3111 855 3172 oblita
870 3111 978 3184 rictus,

222 3209 403 3290 depositura
417 3209 501 3270 sitim
519 3208 615 3270 vicini
629 3208 729 3269 fontis
743 3208 775 3267 in
792 3208 887 3269 unda.

223 3308 324 3381 Quam
340 3306 449 3388 procul
464 3307 503 3367 ad
518 3306 612 3366 lunae
627 3305 729 3367 radios
743 3305 916 3385 Babylonia
931 3305 1047 3382 Thisbe

224 3405 304 3464 vidit
318 3408 349 3465 et
364 3405 531 3465 obscurum
546 3403 659 3465 timido
674 3403 753 3483 pede
767 3403 854 3482 fugit
867 3403 902 3462 in
916 3407 1056 3476 antrum,
1261 3401 1321 3461 100

223 3503 362 3581 dumque
377 3501 473 3580 fugit,
491 3506 579 3580 tergo
593 3501 749 3562 velamina
762 3500 849 3580 lapsa
864 3500 1000 3581 reliquit.

222 3599 270 3661 Ut
284 3599 332 3660 lea
346 3617 435 3659 saeva
450 3598 536 3658 sitim
551 3599 652 3658 multa
666 3598 859 3678 compescuit
873 3599 970 3670 unda,

223 3697 300 3757 dum
315 3696 398 3758 redit
412 3695 446 3755 in
461 3696 563 3768 silvas,
580 3695 725 3756 inventos
739 3697 821 3756 forte
836 3694 902 3756 sine
917 3694 985 3775 ipsa

223 3813 275 3855 ore
290 3797 455 3854 cruentato
469 3797 579 3854 tenues
593 3792 725 3854 laniavit
739 3792 883 3852 amictus.

305 3889 410 3952 Serius
424 3909 564 3968 egressus
578 3888 710 3968 vestigia
724 3888 804 3950 vidit
819 3888 853 3949 in
867 3887 932 3949 alto

223 3985 352 4066 pulvere
367 3989 452 4048 certa
465 3986 550 4048 ferae
564 3988 694 4064 totoque
709 3984 863 4065 expalluit
877 4003 929 4046 ore
