2964 4380
203 203 246 266 26
400 220 428 264 1³.
454 219 568 264 0v1u11
590 218 740 264 ulcorra
762 219 924 264 uremur
947 218 1104 265 ennacos.

204 369 335 452 ‘Iaera'
351 368 434 431 dixit
451 369 526 430 ‘ubi
541 372 597 432 es?
619 390 680 451 qua
695 374 726 431 te
740 369 868 450 regione
882 371 1040 452 requiram
1050 369 1085 432 l'

203 466 329 527 ‘icere’
346 466 484 528 dicebat:
506 487 626 548 pennus
640 467 785 548 adspexit
799 468 834 529 in
848 469 944 529 undis

201 565 388 646 devovitque
403 587 473 628 suas
487 571 569 629 artes
584 587 758 648 corpusque
773 567 916 648 sepulcro

200 663 352 726 condidit.
399 664 443 726 Et
458 664 552 727 tellus
565 685 583 727 a
597 665 726 727 nomine
740 666 826 727 dieta
840 665 967 747 sepulti.

403 987 452 1048 10.
497 985 758 1048 PHILEMON
781 987 881 1047 AND
909 986 971 1046 BA
983 985 1094 1048 UOIS.

579 1182 658 1224 Mar.
675 1182 755 1250 rur.
774 1155 924 1228 626ss720.

280 1343 427 1424 Iuppiter
441 1342 504 1404 huc
519 1343 619 1424 specie
634 1343 761 1404 mortali
776 1363 911 1423 cumque
925 1347 1056 1424 parente

200 1440 288 1501 venit
303 1440 503 1502 Atlantiades
517 1440 628 1522 positis
642 1441 801 1502 caducifer
816 1440 882 1501 alis.

200 1535 289 1599 Mille
304 1538 413 1599 domos
427 1537 541 1611 adiere,
557 1538 663 1599 locum
677 1537 879 1618 requiemque
896 1541 1047 1618 petentes,

199 1635 286 1696 mille
301 1636 411 1697 domos
425 1636 561 1697 clausere
577 1655 669 1696 serae.
716 1635 836 1696 Tamen
850 1655 915 1696 una
929 1635 1058 1715 recepit,

199 1751 295 1812 parva
310 1732 449 1813 quidem,
467 1732 592 1812 stipulis
606 1736 638 1793 et
652 1753 754 1793 canna
768 1735 852 1794 tecta
864 1732 1014 1812 palustri;

198 1831 253 1890 sed
274 1832 327 1910 pia
344 1830 457 1891 Baucis
471 1850 550 1891 anus
564 1830 719 1910 parilique
733 1833 835 1892 aetate
851 1823 1018 1891 Philemon

199 1926 255 1987 illa
269 1930 344 1988 suut
358 1927 450 1988 aunis
463 1927 566 1988 iuncti
581 1926 789 1999 iuvenalibus,
806 1927 862 1988 illa

199 2044 389 2086 consenuere
404 2045 473 2086 casa
487 2028 768 2105 paupertatemque
783 2026 914 2086 latendo

199 2121 327 2182 effecere
341 2121 441 2182 levem
456 2140 514 2182 nec
528 2120 638 2202 iniqua
652 2125 758 2182 mente
772 2122 914 2183 ferendo.

199 2219 266 2280 Nec
282 2219 389 2291 refert,
407 2218 551 2279 dominos
565 2218 630 2279 illic
649 2219 826 2280 famulosne
841 2219 995 2298 requiras:

199 2318 267 2376 tota
282 2316 394 2376 domus
408 2316 471 2376 duo
486 2318 572 2388 sunt,
589 2315 674 2376 idem
689 2318 863 2396 parentque
878 2316 1060 2398 iubentque.

280 2413 366 2492 Ergo
381 2412 435 2473 ubi
450 2412 613 2479 caelicolae
628 2433 739 2493 parvos
755 2413 886 2492 tetigero
901 2418 1030 2494 penates

199 2509 414 2590 submissoque
429 2509 564 2572 humiles
579 2510 741 2571 intrarunt
756 2511 872 2573 vertice
887 2516 1000 2592 posteo,

199 2608 340 2679 membra
355 2627 448 2668 senex
463 2608 565 2687 posito
580 2607 672 2668 iussit
686 2609 824 2669 relevare
839 2609 939 2682 sedili,

200 2725 262 2785 quo
276 2705 480 2785 superiniecit
495 2709 618 2766 textum
633 2706 711 2766 rude
726 2707 834 2767 sedula
849 2707 974 2768 Baucis.

199 2803 301 2883 Inque
316 2803 386 2863 foco
402 2802 545 2883 tepidum
560 2802 697 2862 cinerem
712 2803 846 2864 dimovit
861 2808 893 2864 et
907 2803 996 2883 ignes

199 2899 330 2962 suscitat
343 2899 515 2972 hesternos,
532 2899 679 2980 foliisque
693 2903 725 2960 et
739 2899 854 2960 cortice
869 2900 950 2962 sicco

199 2996 304 3057 nutrit
318 3001 350 3057 et
364 2997 403 3056 ad
419 2995 560 3056 flammas
574 2995 681 3056 anima
694 2996 843 3076 producit
857 2997 945 3058 anili.

200 3093 437 3174 Multifidasque
451 3093 535 3154 faces
549 3094 739 3174 ramaliaque
754 3094 841 3154 arida
856 3097 939 3156 tecto

199 3190 318 3252 detulit
331 3194 364 3251 et
379 3189 496 3250 minuit
510 3210 667 3271 parvoque
681 3190 823 3252 admovit
837 3199 924 3253 aeno.

201 3288 353 3368 Quodque
369 3307 444 3348 suus
458 3287 597 3349 coniunx
611 3288 702 3366 riguo
718 3289 897 3368 conlegerat
910 3289 1015 3364 horto,

199 3389 329 3446 truncat
343 3384 436 3446 holus
449 3384 549 3460 foliis3
572 3386 662 3446 furca
677 3385 760 3446 levat
775 3386 830 3447 illa
842 3386 964 3448 bicorni

199 3483 325 3545 sordida
340 3486 427 3562 terga
442 3482 506 3543 suis
521 3482 612 3562 nigro
625 3482 799 3563 pendentia
815 3483 903 3562 tigno

199 3585 384 3660 servatoque
398 3579 455 3640 diu
470 3584 587 3642 resecat
601 3581 640 3641 de
655 3585 778 3660 tergore
793 3576 916 3660 partem

200 3677 345 3757 exiguam
362 3687 539 3756 sectamque
554 3678 662 3738 domat
676 3677 874 3739 ferventibus
889 3679 992 3741 undis.

280 3775 407 3836 Interea
421 3775 538 3836 medias
553 3774 672 3836 fallunt
687 3775 884 3836 sermonibus
898 3776 990 3838 horas

200 3874 451 3952 concutiuntque
466 3877 571 3935 torum
587 3873 625 3934 de
640 3874 726 3934 molli
744 3873 884 3934 fluminis
898 3875 971 3936 ulva

200 3970 386 4050 impositum
400 3971 492 4045 lecto,
510 3971 630 4050 sponda
644 3971 839 4052 pedibusque
855 3971 993 4052 salignis.
