2986 4376
464 234 515 281 AN
538 233 890 283 AUTOBIOGRAPHIGAL
911 238 1051 284 SKETOH.

207 387 343 463 Ultima,
361 406 439 468 quae
454 405 578 448 mecum
593 405 676 448 seros
690 388 865 466 permansit
879 388 914 450 in
928 409 1037 463 annos,

248 484 401 547 sustinuit
414 484 554 546 coniunx
568 484 683 546 exsulis
697 505 763 548 ease
777 485 847 548 viri.

207 584 291 646 Filia
304 603 355 644 me
369 603 439 644 mea
452 581 501 643 bis
515 581 619 662 prima
632 583 772 646 fecunda
786 582 926 658 iuventa,

248 682 302 743 sed
317 701 381 742 nou
397 700 436 740 ex
450 699 515 740 uno
530 680 675 760 coniuge,
690 680 768 742 iecit
782 700 886 742 avum.

208 779 252 840 Et
266 779 329 840 iam
344 777 518 858 complerat
531 777 657 858 genitor
671 798 728 840 sua
741 778 819 852 iata,
836 797 1010 860 novemque

248 875 414 938 addiderat
427 875 536 936 lustris
550 875 649 937 altera
662 876 763 938 lustra
776 895 900 938 novem.

207 973 283 1035 Non
297 973 389 1035 aliter
403 972 485 1046 flevi,
504 992 598 1053 quam
613 993 663 1034 me
678 973 811 1036 fleturus
824 974 1010 1054 ademptum

247 1071 301 1132 ille
316 1071 389 1133 fuit.
436 1070 533 1131 Matri
547 1070 692 1151 proxima
705 1069 790 1133 iusta
803 1070 875 1133 tuli.

209 1167 328 1230 Felices
342 1168 434 1229 ambo
448 1167 697 1249 tempestiveque
711 1168 840 1249 sepulti,

248 1274 322 1327 ante
337 1265 421 1326 diem
435 1284 555 1346 poenae
570 1266 654 1346 quod
671 1265 790 1346 periere
805 1269 905 1328 meael

209 1362 262 1424 Me
277 1382 400 1444 quoque
414 1362 553 1436 felicem,
569 1363 654 1442 quod
669 1382 734 1424 non
750 1363 928 1425 viventibus
941 1364 1005 1427 illis

249 1481 319 1521 sum
334 1460 438 1534 miser,
455 1460 540 1522 etde
555 1479 605 1521 me
620 1461 704 1540 quod
719 1461 847 1522 doluere
861 1461 954 1522 nihil.

210 1558 243 1620 Si
258 1563 364 1620 tamen
379 1557 544 1619 exstinctis
558 1557 678 1638 aliquid
693 1557 753 1619 nisi
771 1558 900 1620 nomina
913 1562 1043 1633 restant,

249 1659 281 1717 et
295 1655 421 1735 gracilis
435 1658 572 1717 structos
585 1655 701 1735 effugit
715 1656 827 1717 umbra
841 1675 943 1735 rogos,

208 1754 305 1827 fama,
322 1753 508 1834 parentales,
525 1752 551 1814 si
567 1772 620 1814 vos
634 1772 704 1815 mea
717 1752 864 1833 contigit,
881 1752 1022 1828 umbrae,
1059 1739 1062 1744 ⁵

249 1854 282 1912 et
296 1854 371 1912 sunt
385 1850 419 1910 in
435 1850 544 1930 Stygio
560 1849 694 1911 crimina
707 1853 815 1912 nostra
828 1851 911 1912 foro:
1119 1843 1122 1854 ’

209 1948 296 2021 scite,
313 1967 433 2028 precor,
450 1967 575 2010 causum
592 1946 664 2027 (nec
678 1967 733 2009 vos
748 1947 828 2008 mihi
842 1948 952 2011 fallere
964 1950 1013 2010 fas
1026 1948 1086 2029 est)

249 2064 386 2106 errorem
401 2044 511 2118 iussae,
529 2064 595 2106 non
608 2045 709 2106 scelus
723 2065 788 2107 esse
802 2046 905 2125 fugae.

210 2142 359 2204 Manibus
372 2143 432 2203 hoc
446 2141 522 2204 satia
536 2144 592 2204 est.
638 2142 691 2203 Ad
704 2162 770 2217 uos,
786 2143 937 2218 studiosa,
954 2147 1103 2218 revertor,

249 2243 387 2322 pectora,
405 2239 459 2320 qui
474 2239 557 2302 vitae
572 2239 722 2320 quaeritis
736 2245 807 2304 acta
820 2261 915 2304 meae.

209 2337 279 2399 Iam
293 2336 373 2398 mihi
388 2336 519 2398 canities
533 2337 632 2419 pulsis
646 2337 830 2400 melioribus
843 2337 935 2400 annis

250 2437 388 2509 venerat,
405 2433 552 2514 antiquas
565 2434 797 2516 miscueratque
811 2455 925 2510 eomas,

209 2535 342 2612 postque
356 2551 441 2593 meos
455 2535 544 2595 ortua
559 2532 667 2594 Pisaea
681 2532 808 2594 vinctus
822 2532 904 2594 oliva

250 2628 424 2690 abstulerat
439 2627 564 2690 deciens
577 2629 718 2709 praemia
732 2629 833 2690 victor
847 2648 951 2708 eques,

210 2745 283 2786 cum
297 2725 394 2787 maris
407 2725 529 2787 Euxini
543 2727 662 2807 positos
675 2727 715 2788 ad
729 2727 817 2788 laeva
831 2726 973 2788 Tomitas

251 2842 397 2903 quaerere
412 2843 462 2885 me
477 2822 551 2886 laesi
565 2823 719 2905 principis
733 2823 780 2885 ira
794 2823 890 2885 iubet.

211 2919 313 2981 Causa
327 2940 413 2982 meae
427 2921 552 2982 cunctis
567 2921 703 2982 nimium
718 2941 843 3002 quoque
857 2925 933 2983 note
947 2920 1058 2982 ruinae

250 3017 368 3080 indicio
382 3037 447 3080 non
461 3022 509 3081 est
523 3019 721 3080 testificanda
734 3038 815 3080 meo.
1251 3021 1308 3078 100

211 3114 296 3188 Quid
311 3116 445 3177 referam
460 3115 676 3196 comitumque
691 3115 780 3177 nefas
794 3116 993 3196 famulosque
1007 3116 1179 3177 nocentes?

251 3211 324 3293 Ipsa
338 3213 441 3274 multa
455 3213 516 3274 tuli
531 3233 596 3274 non
611 3212 727 3274 leviora
741 3214 827 3293 fuga.

210 3306 384 3389 Indignata
399 3310 489 3371 melis
503 3330 593 3370 mens
607 3313 655 3371 est
669 3310 882 3384 succumbere,
899 3329 993 3391 seque

250 3407 410 3487 praestitit
424 3407 575 3468 invictam
591 3406 710 3468 viribus
727 3427 781 3468 usa
795 3407 873 3483 suis;

211 3503 390 3585 oblitusque
404 3505 466 3567 mei
481 3506 657 3585 ductaeque
671 3524 728 3585 per
741 3504 807 3566 otia
821 3504 903 3567 vitae

251 3600 379 3664 insolita
393 3601 461 3684 cepi
478 3602 627 3684 temporis
641 3621 729 3664 arma
742 3621 852 3664 manu.

211 3697 335 3778 Totque
350 3699 411 3760 tuli
426 3703 509 3762 terra
523 3719 612 3762 cesus
626 3699 811 3780 pelagoque,
830 3699 914 3779 quod
927 3698 1012 3762 inter

252 3796 413 3858 occultum
428 3797 535 3860 stellae
549 3796 818 3878 conspicuumque
833 3796 952 3876 polum.

212 3891 311 3953 Tacta
324 3894 404 3956 mihi
421 3896 548 3956 tandem
562 3894 666 3975 longia
681 3894 839 3956 erroribus
853 3897 924 3954 acto

254 3989 364 4053 iuncta
377 3992 566 4074 pharetratis
581 3991 732 4056 Sarmatis
746 4011 800 4054 ora
815 3991 914 4054 Getis.
