2964 4380
190 173 234 254 46
388 192 416 237 P.
442 189 557 237 OVIDII
578 189 728 264 NASONlS
749 189 912 236 CARMINA
935 187 1091 234 SELEGTA.

190 359 259 415 nec,
276 340 337 403 nisi
351 359 425 402 cnm
440 340 543 403 senior
558 339 663 422 Pylios
676 339 856 419 aequaverit
870 358 980 414 annos,

69 460 75 471 ·
189 436 345 500 aetherias
358 438 445 500 sedes
459 440 655 518 cognataque
670 436 773 498 sidere
786 440 906 517 tanget.

190 534 284 597 Hane
297 534 436 597 enimam
450 533 571 596 interce
584 553 672 596 oeeso
686 533 725 595 de
739 553 868 614 corpore
882 536 1007 614 raptam

188 634 241 696 lec
254 633 356 708 iubar,
372 636 410 694 ut
424 652 547 714 semper
562 630 718 713 Oepitolie
731 636 840 694 nostra
853 631 1023 712 forumque

189 728 281 793 divus
295 730 334 792 ab
348 729 468 792 excelse
482 732 661 810 prospectet
678 729 781 790 lulius
795 728 896 790 aede'

270 827 334 888 Vix
348 847 384 889 ee
397 827 485 888 fetus
499 829 576 901 eret,
593 826 698 888 medie
712 846 785 887 cum
800 826 871 888 sede
886 829 1014 888 senatus

189 922 333 986 constitit
347 911 430 985 alme
444 924 564 998 Venus,
581 923 663 985 nulli
678 925 845 998 oernenda,
862 911 974 1003 suique

191 1019 330 1082 Caesaris
343 1019 463 1100 eripuit
476 1020 627 1082 membris
645 1040 703 1082 nec
717 1021 753 1081 in
766 1026 840 1082 aere
854 1021 932 1084 solvi

189 1136 279 1198 pesse
292 1121 451 1179 recentem
464 1118 604 1180 animam
618 1117 803 1179 caelestibus
816 1117 930 1178 intulit
943 1116 1044 1178 astris.

190 1213 339 1295 Dumque
354 1214 441 1288 tulit,
458 1215 567 1276 lumen
582 1234 691 1295 capere
705 1218 800 1295 etque
814 1214 974 1294 ignescere
989 1213 1098 1288 sensit,

184 1312 357 1392 emisitque
371 1311 453 1374 sinu.
499 1313 591 1374 Luna
605 1312 691 1375 volat
704 1311 800 1374 ultius
814 1311 880 1385 ille,

189 1409 477 1490 flammiferumque
492 1409 622 1472 trahens
634 1409 771 1490 spetioso
784 1408 888 1470 limite
902 1408 1023 1470 crinem

189 1507 280 1569 stelle
293 1507 400 1581 micet,
417 1507 546 1587 natique
560 1507 672 1570 videns
687 1506 851 1568 benefecta
864 1507 988 1568 fatetur

189 1623 253 1667 esse
267 1604 332 1666 suis
346 1603 474 1679 meiere,
491 1608 524 1668 et
537 1604 623 1666 vinci
636 1605 755 1685 gaudet
767 1604 807 1665 ab
821 1603 886 1666 illo.

190 1701 253 1763 Hic
267 1721 323 1763 sue
337 1701 489 1783 praeferri
504 1721 695 1783 quemquem
709 1705 796 1764 vetet
810 1705 880 1763 ecta
894 1701 1045 1783 paternis,

188 1798 288 1861 libere
300 1800 386 1861 ieme
400 1803 507 1861 temen
521 1799 681 1880 nullisque
695 1797 831 1862 obnoxie
844 1799 936 1861 iussis

189 1895 328 1959 invitum
341 1897 492 1977 praefert,
508 1916 633 1978 unaque
647 1897 682 1958 in
696 1899 786 1978 perte
801 1900 970 1976 repugnet.

171 2073 174 2081 .
190 1993 243 2057 Sic
256 1993 365 2074 magni
380 1994 464 2056 cedit
478 1994 584 2056 titulis
597 1993 848 2075 Agamemnonis
862 1994 995 2070 Atreus3

189 2091 296 2171 Aegea
309 2091 353 2153 sie
368 2091 518 2166 Theseus,
535 2092 580 2154 sie
595 2091 688 2154 Pelea
701 2090 803 2154 vineit
817 2091 969 2153 Achilles.

190 2188 348 2269 Denique,
364 2192 403 2250 ut
417 2189 570 2270 exemplis
583 2189 667 2270 ipsos
680 2188 891 2270 sequentibus
903 2192 988 2264 uter,

190 2285 235 2348 sie
248 2289 281 2349 et
294 2285 451 2349 Saturnus
465 2286 570 2348 minor
583 2288 631 2348 est
644 2286 730 2348 Iove.
773 2285 921 2367 Iuppiter
934 2305 1020 2347 eroes

190 2386 347 2463 temperet
360 2382 514 2446 aetherias
528 2386 561 2445 et
574 2383 689 2444 mundi
702 2402 800 2462 regne
814 2381 985 2459 triformis3

190 2483 275 2543 terre
288 2481 347 2543 sub
360 2480 522 2561 Augusto:
544 2483 634 2562 peter
648 2483 695 2543 est
708 2483 741 2542 et
755 2483 859 2542 rector
872 2483 1015 2560 uterque.
1232 2483 1290 2542 860

251 2755 301 2816 15.
349 2755 444 2817 THE
468 2755 566 2818 END
599 2755 660 2818 OF
686 2753 782 2816 ΤΗΕ
805 2753 1232 2818 METAMORPHOSES.

575 2932 653 2978 uer.
672 2932 729 2978 xv.
749 2919 899 2980 sil-879.

270 3077 403 3159 Iamque
416 3097 496 3158 opus
509 3077 610 3157 exegi,
624 3077 708 3158 quod
722 3096 781 3138 neo
796 3076 879 3139 Iovis
893 3075 941 3137 ire
954 3095 1012 3138 nee
1026 3075 1110 3159 ignis

189 3193 249 3236 nec
262 3174 381 3255 poterit
395 3175 517 3236 ferrum
530 3194 590 3236 nec
603 3175 683 3236 edax
696 3174 819 3236 abolere
833 3176 981 3235 vetustas.

191 3268 273 3332 (lum
288 3271 382 3345 volet,
399 3271 455 3333 ille
468 3271 545 3346 dies,
560 3291 638 3352 ques
652 3271 699 3332 nil
714 3270 776 3332 nisi
790 3269 929 3351 corporis
943 3269 1039 3332 huius

190 3367 240 3429 ius
253 3367 359 3441 hebet,
376 3366 490 3430 incerti
504 3368 643 3449 spatium
657 3367 737 3429 mihi
753 3367 844 3428 finiet
857 3367 940 3428 aevi:

190 3467 279 3546 perte
294 3469 401 3527 temen
415 3466 544 3528 meliore
558 3465 620 3526 mei
635 3484 730 3545 super
744 3464 808 3525 elta
821 3464 970 3544 perennis
1232 3467 1290 3527 875

190 3565 274 3624 estre
287 3562 382 3637 ferar,
399 3582 577 3644 nomenque
592 3563 653 3624 erit
668 3561 836 3623 indelebile
850 3564 1006 3624 nostrum.

191 3658 322 3740 Quaque
336 3663 425 3741 petet
438 3660 568 3722 domitis
582 3661 724 3722 Romana
738 3658 882 3740 potentie
896 3658 1000 3733 terris,

191 3777 244 3820 cre
257 3757 343 3837 legar
357 3758 478 3840 populi,
495 3777 613 3839 perque
628 3756 735 3819 omnia
749 3755 872 3819 saecula
885 3756 983 3831 ieme,

191 3855 297 3937 siquid
310 3856 428 3919 hebent
442 3854 508 3919 veri
522 3859 632 3918 vetum
645 3854 817 3937 praesagis,
834 3853 948 3916 vivam.
