2964 4380
639 205 837 266 rnshrnorr.

184 369 364 451 corripuere
377 370 460 432 viam
475 369 670 452 pedibusque
684 390 742 451 per·
755 376 829 434 atra
843 371 938 434 motis

184 469 344 533 obstantes
358 469 509 530 scindunt
523 470 653 531 nebulas
667 469 842 550 pennisque
855 469 950 532 levati

183 571 387 646 praetereunt
401 571 486 629 ortos
501 568 599 629 isdem
615 568 654 630 de
668 567 813 649 partibus
828 586 929 630 euros.

266 664 326 726 Sed
341 665 407 725 levo
420 665 547 744 pondus
561 668 639 738 erat,
658 684 713 726 nec
729 666 814 746 quod
829 685 1014 746 cognoscere
1028 671 1156 749 possent

185 760 266 822 Solis
280 763 363 842 equi,
380 763 534 842 solitaque
549 763 662 843 iugum
676 763 832 842 gravitate
846 764 985 840 carebat3

185 862 282 938 utque
296 859 405 921 labant
418 880 532 921 curvae
546 859 630 921 iusto
644 861 711 922 sine
725 861 864 941 pondere
879 880 974 923 naves

182 975 302 1036 perque
316 977 401 1018 mare
417 957 578 1020 instabiles
593 958 693 1020 nimia
707 959 835 1020 levitate
848 960 1010 1032 feruntur,

183 1053 228 1114 sic
242 1074 335 1116 onere
349 1056 479 1117 adsueto
494 1075 610 1117 vacuus
624 1058 680 1117 dat
694 1057 727 1117 in
742 1065 815 1119 ecre
828 1058 927 1119 saltus

183 1151 422 1233 succutiturque
436 1154 499 1215 alte
514 1153 687 1233 similisque
701 1157 748 1216 est
763 1174 874 1216 currus
888 1155 986 1216 inani.

265 1249 355 1323 Quod
370 1251 501 1313 simulac
515 1271 649 1324 sensere,
667 1256 767 1313 ruunt
784 1252 961 1333 tritumque
976 1253 1162 1334 relinquunt

183 1347 363 1428 quadriiugi
378 1349 527 1428 spatium,
544 1369 602 1410 nec
616 1369 679 1429 quo
693 1349 782 1430 prius
796 1349 906 1412 ordine
921 1356 1066 1414 currunt.

183 1443 254 1522 Ipse
268 1450 372 1524 pavet,
389 1464 447 1506 neo
462 1465 524 1525 qua
538 1447 717 1507 commissas
732 1447 838 1508 flectat
852 1447 999 1521 habenas,

182 1560 240 1602 nec
255 1542 324 1616 scit,
342 1542 459 1622 quasit
474 1543 547 1618 iter3
570 1563 638 1619 nec,
657 1544 682 1604 si
698 1543 786 1618 sciat,
803 1545 939 1626 imperet
953 1546 1026 1610 illis.

183 1639 275 1700 Tunc
289 1641 430 1720 primum
445 1641 540 1702 radiis
553 1641 651 1722 gelidi
665 1642 787 1704 caluere
803 1643 935 1706 Triones

181 1741 214 1798 et
228 1738 327 1800 vetito
341 1739 460 1800 frustra
474 1743 675 1821 temptarunt
688 1761 821 1820 aequore
836 1741 930 1821 tingi,

182 1855 323 1917 quaeque
337 1836 410 1917 polo
423 1837 526 1917 posita
540 1842 586 1899 est
600 1837 724 1917 glaciali
744 1839 888 1919 proxima
903 1838 1047 1919 Serpens,

180 1933 299 2012 frigore
313 1933 404 2014 pigra
418 1934 506 2014 prius
520 1955 578 1996 nec
592 1935 803 1997 formidabilis
818 1936 888 2010 ulli,

181 2029 315 2091 incaluit
329 2031 525 2112 sumpsitque
540 2053 635 2094 noves
649 2033 825 2094 fervoribus
840 2033 910 2095 iras.

182 2127 228 2188 Te
243 2148 366 2209 quoque
380 2129 544 2190 turbatum
559 2134 736 2191 memorent
750 2131 879 2212 fugisse,
898 2131 1007 2206 Boote,

181 2226 324 2305 quamvis
338 2228 448 2289 tardus
462 2247 529 2290 eres
542 2231 575 2289 et
589 2231 621 2290 te
637 2231 692 2290 tua
705 2229 848 2309 plaustra
862 2230 1022 2294 tenebant.

261 2324 309 2386 Ut
322 2344 395 2386 vero
409 2345 532 2388 summo
547 2327 689 2408 despexit
703 2328 742 2389 ab
761 2329 887 2391 aethere
902 2333 1000 2391 terres

180 2421 294 2483 infelix
309 2422 476 2484 Phaethon
491 2425 618 2504 penitus
631 2425 821 2506 penitusque
836 2425 983 2501 iacentes,

179 2518 297 2598 palluit
311 2523 343 2581 et
356 2520 461 2582 subito
475 2541 579 2600 genua
593 2522 785 2584 intremuere
800 2523 924 2597 timore,

181 2620 319 2697 suntque
333 2618 433 2679 oculis
447 2620 592 2681 tenebrae
606 2640 662 2700 per
677 2623 803 2682 tantum
818 2621 927 2682 lumen
942 2621 1079 2683 obortae.

181 2713 226 2774 Et
239 2713 302 2775 iam
317 2715 426 2777 mallet
439 2736 534 2798 equos
548 2721 722 2798 numquam
737 2718 878 2798 tetigisse
892 2722 1048 2799 paternos,

180 2811 244 2872 iam
258 2832 405 2891 cognosse
419 2835 519 2894 genus
532 2815 621 2896 piget
634 2819 666 2877 et
680 2816 813 2878 valuisse
828 2817 979 2896 rogando,

180 2908 244 2970 iam
259 2910 396 2991 Meropis
410 2911 473 2973 dici
488 2913 618 2993 cupiens
632 2913 678 2974 ita
691 2914 805 2987 fertur,
822 2918 860 2974 ut
874 2917 944 2975 acta

179 3007 344 3088 praecipiti
359 3009 453 3089 pinus
467 3009 570 3085 borea,
588 3010 639 3070 cui
656 3010 739 3072 victa
753 3010 875 3072 remisit

179 3106 271 3166 frene
284 3126 359 3167 suus
372 3111 485 3182 rector,
502 3128 597 3189 qnam
612 3108 660 3169 dis
674 3108 817 3189 votisque
831 3108 968 3189 reliquit.

181 3201 264 3276 Quid
279 3204 399 3265 faciat?
420 3206 560 3267 multum
574 3206 650 3268 caeli
665 3211 737 3286 post
752 3210 838 3287 terge
854 3207 1012 3282 relictum,
1057 3192 1060 3201 ⁴

178 3304 254 3361 ante
268 3301 374 3362 oculos
387 3301 459 3382 plus
474 3305 534 3364 esti
556 3303 663 3365 animo
677 3305 810 3366 metitur
824 3309 1006 3386 utrumque,

179 3401 211 3457 et
227 3399 318 3459 modo
333 3419 410 3479 quos
424 3399 471 3460 illi
486 3401 590 3462 fatum
605 3402 788 3482 contingere
802 3422 868 3464 non
882 3406 939 3477 est,

178 3495 331 3575 prospicit
345 3516 480 3571 occasus,
497 3497 660 3560 interdum
675 3500 803 3580 respicit
817 3504 919 3562 ortus:
1217 3508 1276 3566 190
1311 3578 1315 3587 Ι

180 3592 317 3673 quidque
331 3598 405 3674 agat
418 3594 548 3674 ignarus
562 3601 679 3676 stupet,
696 3601 729 3658 et
743 3617 801 3658 nec
815 3599 907 3659 frena
920 3598 1057 3660 remittit

179 3707 237 3750 nec
252 3689 385 3752 retinere
401 3692 493 3766 valet,
509 3712 568 3754 nec
582 3694 712 3755 nomine
727 3694 816 3755 novit
829 3715 992 3775 equorum.
1218 3700 1275 3758 192

260 3786 490 3868 Exspatiantur
503 3791 585 3870 equi,
600 3791 751 3873 nulloque
766 3792 931 3854 inhibente
944 3811 1001 3872 per
1014 3811 1105 3857 aurae
1217 3797 1274 3855 202

178 3883 304 3964 ignotae
318 3887 455 3964 regionis
468 3891 557 3961 eunt,
574 3908 697 3970 queque
711 3890 849 3970 impetus
863 3890 939 3969 egit,

177 3980 238 4042 hac
252 3981 318 4045 sine
332 3983 400 4064 lege
415 3989 515 4046 ruunt
529 3984 654 4066 altoque
669 3986 727 4047 sub
746 3986 872 4047 aethere
887 3984 957 4044 fixis
