2964 4380
212 225 253 272 22
411 227 438 271 P.
465 226 578 272 OVIDII
601 225 751 272 NASONIS
773 225 937 272 casum
958 225 1116 272 aaaron.

212 397 310 459 paene
325 376 419 438 simul
435 377 501 438 vise
514 379 561 438 est
575 377 751 458 dilectaque
765 379 918 458 raptaque
933 375 1018 438 Diti:

212 495 311 556 usque
327 476 403 536 adeo
417 478 466 536 est
479 479 665 556 properatus
678 494 776 536 amor.
821 474 889 536 Dea
904 473 1014 536 territa
1028 475 1147 538 maesto

212 577 244 634 et
260 577 392 634 matrem
408 577 440 634 et
454 572 592 648 comites,
612 572 665 634 sed
682 576 815 634 matrem
830 571 964 653 saepius,
981 591 1034 634 ore

212 671 342 746 elamat;
364 673 406 743 et,
424 673 462 730 ut
476 690 599 731 summa
613 673 732 732 vestem
747 669 882 730 laniarat
895 669 934 730 ab
949 689 1013 742 ora,

212 767 347 829 conlecti
362 767 452 828 fleres
467 767 583 829 tunicis
597 767 736 828 cecidere
750 765 896 828 remissis.

213 865 379 945 Tantaque
394 863 580 945 simplicitas
593 865 769 945 puerilibus
783 863 890 925 adfuit
904 861 1006 935 annis,

212 963 290 1024 baec
305 982 428 1043 quoque
443 961 622 1042 virgineum
637 961 737 1023 movit
750 961 872 1024 iactura
886 960 1035 1022 dolorem.

177 1127 184 1131 5
294 1060 414 1140 Raptor
429 1058 496 1139 agit
509 1079 621 1120 currus
635 1063 667 1120 et
682 1059 810 1120 nomine
825 1077 981 1139 quemque
996 1059 1121 1121 vocatos

212 1156 398 1219 exhortatur
412 1175 518 1236 equos,
536 1176 670 1237 quorum
684 1176 741 1236 per
755 1156 836 1218 colla
849 1155 1001 1236 iubasque

212 1254 334 1316 excutit
348 1254 479 1315 obscura
493 1253 608 1314 tinctas
622 1253 784 1332 ferrugine
803 1252 951 1327 habenas,

212 1371 330 1432 perque
346 1351 431 1412 lacus
444 1351 525 1412 altos
539 1354 571 1412 et
585 1350 703 1412 olentia
717 1351 847 1430 sulpure
860 1351 965 1412 fertur

212 1454 325 1530 stagna
341 1448 530 1522 Palicorum,
548 1451 643 1528 rupta
655 1447 812 1509 ferventia
827 1452 920 1520 terra,

212 1552 245 1609 et
259 1567 321 1628 qua
336 1546 540 1619 Bacchiadae,
558 1545 670 1607 bimari
688 1565 766 1624 gens
780 1553 850 1606 orta
865 1544 1031 1620 Corintho,

213 1645 297 1706 inter
311 1644 490 1725 inaequales
504 1646 680 1724 posuerunt
690 1642 815 1704 moenia
828 1645 949 1722 portus.

294 1741 421 1804 Interea
434 1741 566 1821 pavidae
581 1740 773 1820 nequiquam
788 1739 854 1800 filia
867 1738 964 1800 matri

213 1839 360 1900 omnibus
374 1842 422 1900 est
435 1838 537 1911 terris,
555 1837 641 1900 omui
657 1837 798 1918 quaesita
812 1837 985 1918 profundo.

213 1936 306 1998 lllam
321 1956 386 1998 non
402 1935 474 1997 udis
490 1935 618 1997 veniens
633 1936 758 1996 Aurora
772 1933 894 2014 capillis

213 2037 386 2096 cessantem
404 2032 494 2106 vidit,
512 2053 576 2094 non
592 2033 763 2111 Hesperus.
807 2031 868 2092 Illa
882 2031 1004 2091 duabus

213 2131 416 2192 flammiferas
430 2129 526 2210 pinus
541 2129 687 2190 manibus
701 2126 866 2191 succendit
879 2128 918 2188 ab
933 2127 1039 2188 Aetna

213 2248 331 2309 perque
348 2227 511 2308 pruinosas
526 2227 603 2286 tulit
617 2225 793 2305 inrequieta
807 2226 959 2286 tenebras.

215 2327 336 2387 Rursus
351 2324 404 2387 ubi
419 2325 502 2386 alma
516 2324 582 2385 dies
596 2323 759 2384 hebetarat
773 2323 884 2396 sidera,
902 2325 1011 2383 natam

213 2423 287 2484 solis
301 2423 339 2484 ab
355 2442 465 2484 occasu
480 2420 554 2482 solis
568 2420 735 2500 quaerebat
748 2420 788 2481 ad
803 2423 902 2481 ortus.

296 2519 380 2594 Quas
394 2520 453 2580 deu
466 2538 522 2599 per
537 2522 634 2579 terras
648 2521 680 2578 et
695 2537 771 2596 quaa
786 2516 936 2578 errauerit
950 2516 1063 2588 undas,

214 2617 318 2679 dicere
332 2618 427 2697 longa
442 2635 529 2677 mora
543 2619 604 2676 est:
627 2614 789 2694 quaerenti
806 2613 911 2675 deluit
925 2613 1016 2675 orbis.

214 2715 324 2776 Nescit
338 2715 453 2786 adhuc,
471 2713 525 2773 ubi
540 2712 595 2773 sit:
618 2715 716 2773 terras
731 2715 837 2772 tamen
852 2711 995 2792 increpat
1009 2728 1118 2773 omnes

214 2812 415 2891 ingratasque
433 2814 521 2870 vocat
534 2829 591 2870 nec
606 2809 738 2887 frugum
753 2828 884 2869 munere
899 2807 1021 2887 dignas,

214 2909 410 2970 Trinacriam
426 2911 499 2969 aute
514 2907 600 2978 alias,
617 2905 650 2964 in
666 2925 727 2985 qua
742 2905 874 2986 vestigia
888 2904 998 2966 damni

214 3007 364 3087 repperit.
409 3005 495 3082 Ergo
510 3003 575 3063 illic
590 3022 679 3062 saeva
694 3003 849 3063 vertentia
863 3002 987 3082 glaebas

213 3103 311 3182 tregit
325 3105 429 3163 aratra
443 3121 551 3172 mauu,
570 3099 722 3180 parilique
738 3099 817 3160 irata
832 3099 958 3160 colonos

214 3201 425 3279 ruricolasque
442 3198 532 3258 beves
547 3197 609 3257 leto
626 3195 713 3256 dedit
727 3215 862 3276 arvaque
877 3195 968 3256 iussit

213 3299 323 3359 fallere
338 3297 516 3376 depositum
532 3294 704 3373 vitiataque
719 3294 839 3354 semina
852 3293 939 3354 fecit.

295 3393 456 3455 Fertilitas
472 3396 571 3453 terrae
585 3391 687 3451 latum
702 3391 831 3470 vulgata
845 3411 902 3470 per
915 3391 1023 3452 orbem

213 3493 293 3554 falsa
306 3491 401 3552 iacet:
425 3489 535 3570 primis
550 3491 667 3568 segetes
682 3487 864 3549 moriuntur
879 3487 913 3548 iu
927 3486 1044 3560 herbia

214 3594 246 3652 et
260 3591 354 3651 modo
369 3588 414 3649 sol
430 3586 558 3660 nimius,
577 3585 694 3646 nimius
709 3585 802 3646 modo
818 3584 949 3665 corripit
963 3583 1075 3658 imber,

214 3689 378 3768 sideraque
392 3684 542 3764 ventique
557 3688 683 3757 nocent,
700 3683 870 3763 avidaeque
886 3684 1027 3744 volucres

214 3785 334 3848 semina
347 3785 430 3846 iacta
443 3771 570 3862 le'gunt3
592 3780 704 3842 lolium
719 3781 893 3861 tribulique
907 3779 1047 3859 fatigant

215 3882 354 3944 triticeas
368 3899 492 3952 messes,
509 3883 541 3941 et
555 3878 801 3957 inexpugnabile
816 3898 955 3957 gramen.

297 3979 380 4039 Tum
396 3979 492 4056 caput
508 3974 593 4037 Eleis
607 3973 759 4055 Alpheias
774 3975 889 4036 extulit
903 3973 999 4035 undis
