2964 4380
181 213 220 293 58
375 225 403 272 Ρ.
430 224 544 269 ovrn11
567 219 718 271 nnsorrs
739 224 902 271 cramus
924 225 1096 288 sarsore..

401 458 431 518 6.
473 456 503 516 Α
537 456 761 519 DEFENSE
797 458 858 519 OF
888 457 1054 525 POESY.

634 635 696 678 nn.
721 635 744 678 1.
771 624 818 680 15.

181 781 265 856 Quid
279 781 370 857 mihi,
388 781 484 842 Livor
497 780 587 854 edax,
605 779 735 859 ignavos
749 779 846 841 obicis
860 801 970 855 annos,

219 879 402 961 ingeniique
417 897 507 939 vocas
521 897 648 938 carmen
663 877 776 938 inertis
790 881 893 958 opus?

180 998 245 1039 non
259 998 309 1039 me
324 997 410 1039 more
424 979 564 1058 patrum,
580 976 658 1036 dum
674 979 803 1037 strenua
817 977 952 1038 sustinet
966 981 1060 1052 aetas,

219 1076 359 1157 praemia
373 1075 505 1136 militiae
519 1074 741 1155 pulverulenta
755 1074 854 1154 sequi,

179 1193 237 1236 nee
252 1195 302 1236 me
316 1174 459 1236 verbosas
473 1173 555 1254 leges
569 1172 716 1246 ediscere,
734 1191 792 1233 nec
806 1192 857 1233 me

220 1272 346 1352 ingrato
361 1292 467 1334 vocem
482 1270 679 1353 prostituisse
693 1270 772 1332 foro.

180 1369 314 1431 Mortale
328 1373 385 1444 est,
403 1369 486 1450 qnod
502 1367 634 1449 quaeris,
651 1387 744 1448 opus:
767 1366 848 1428 mihi
861 1368 947 1428 fama
961 1367 1108 1447 perennis

220 1468 392 1549 quaeritur,
410 1467 444 1528 in
459 1470 527 1528 toto
541 1486 663 1547 semper
676 1469 714 1526 ut
728 1466 802 1526 orbe
816 1485 919 1526 canar.

179 1564 276 1626 Vivet
290 1564 481 1638 Maeonides,
499 1564 644 1626 Tenedos
658 1564 736 1625 dum
751 1562 847 1624 stabit
861 1566 893 1624 et
906 1562 974 1637 Ide,

220 1662 298 1722 dum
313 1661 438 1742 rapidas
453 1660 568 1722 Simois
582 1660 616 1721 in
631 1680 716 1722 mare
731 1659 835 1722 volvet
849 1654 953 1740 aquas.

179 1758 276 1820 Vivet
290 1761 322 1820 et
336 1759 501 1832 Ascraeus,
518 1759 597 1819 dum
611 1757 725 1819 mustis
739 1777 801 1819 uva
815 1757 964 1831 tumebit,

220 1857 298 1916 dum
312 1857 404 1919 cadet
417 1856 549 1917 incurva
562 1856 643 1917 falce
658 1859 776 1916 resecta
791 1854 893 1916 (lares.

180 1953 342 2015 Battiades
357 1973 479 2034 semper
492 1957 559 2014 toto
573 1952 754 2014 cantabitur
767 1953 856 2028 orbe;

220 2051 363 2133 quamvis
377 2051 505 2132 ingenio
518 2070 583 2112 non
598 2051 691 2125 valet,
708 2052 775 2112 arte
789 2051 883 2112 valet.

179 2148 279 2210 Nulla
294 2149 466 2229 Sophocleo
481 2147 587 2210 veniet
601 2148 722 2209 iactura
736 2147 902 2209 cothurno.

222 2245 303 2307 Oum
318 2237 381 2307 sole
395 2250 427 2307 et
440 2247 518 2307 luna
532 2266 654 2326 semper
667 2246 787 2306 Aratus
800 2245 869 2306 orit.

180 2343 267 2405 Dum
282 2343 380 2404 fallax
394 2363 511 2417 servus,
528 2344 627 2404 durus
642 2346 741 2422 pater,
758 2341 902 2422 improba
914 2342 988 2404 lena

220 2441 329 2502 vivent
342 2444 374 2502 et
389 2440 537 2502 meretrix
551 2440 678 2513 blanda,
697 2440 888 2501 Menandros
902 2440 971 2502 erit.

180 2538 306 2599 Ennius
319 2541 386 2600 arte
400 2558 518 2611 carens,
535 2536 730 2617 animosique
746 2536 861 2598 Accius
875 2537 947 2610 oris,

220 2655 366 2696 casurum
380 2635 470 2696 nullo
486 2639 625 2715 tempore
640 2654 756 2695 nomen
771 2633 898 2695 habent.

179 2733 355 2796 Varronem
370 2733 567 2814 primamque
582 2735 682 2794 ratem
697 2752 777 2812 quae
791 2732 908 2794 nesciet
921 2735 1016 2805 aetas,

220 2851 376 2911 aureaque
391 2830 527 2892 Aesonio
541 2834 630 2910 terga
644 2830 745 2911 petita
758 2829 857 2890 duci?

167 2929 330 2990 'Oarmina
344 2928 488 2990 sublimis
503 2933 580 2989 tuno
595 2932 670 2989 sunt
684 2927 826 3008 peritura
840 2927 980 3000 Lucreti,

219 3025 316 3088 exitio
331 3028 429 3087 terras
443 3046 515 3086 curn
531 3025 620 3086 dabit
633 3045 698 3086 una
712 3025 787 3086 dies.

181 3123 312 3203 Tityrus
326 3125 358 3184 et
372 3123 482 3202 fruges
496 3123 679 3202 Aeneiaque
695 3141 781 3183 arma
794 3121 953 3200 legentur,

221 3222 321 3282 Roma
335 3220 525 3301 triumphati
540 3221 618 3280 dum
633 3222 729 3300 caput
744 3219 827 3280 orbie
841 3219 911 3280 erit.

181 3318 290 3379 Donec
304 3321 399 3378 erunt
413 3317 501 3397 ignes
516 3337 668 3398 arcusque
684 3315 852 3396 Cupidinis
865 3336 963 3390 arma,

221 3416 383 3476 discantur
397 3415 532 3490 numeri,
550 3416 634 3476 culte
650 3414 787 3488 Tibulle,
804 3413 862 3475 tui.

182 3513 291 3574 Gallus
306 3517 337 3574 et
352 3513 523 3593 Hesperiis,
541 3517 572 3574 et
587 3513 696 3574 Gallus
711 3516 806 3572 notus
820 3510 906 3584 Eois,

220 3614 253 3672 et
267 3629 323 3670 sua
336 3629 409 3671 cum
425 3609 516 3672 Gallo
530 3614 606 3672 nota
621 3608 750 3690 Lycoris
764 3607 832 3670 erit.

182 3709 267 3788 Ergo
281 3727 355 3768 curn
370 3708 481 3782 silices,
498 3728 572 3769 cnm
586 3708 664 3768 dens
678 3705 829 3786 patientis
843 3703 951 3778 aratri,

221 3805 392 3886 depereant
405 3824 491 3879 aevo,
508 3804 648 3867 carmina
662 3807 764 3865 morte
778 3806 896 3864 carent.

182 3903 305 3966 Cedant
319 3903 511 3966 carminibus
526 3923 614 3983 reges
628 3921 801 3981 regumque
817 3898 988 3980 triumphi:

222 4003 313 4064 cedat
326 4006 358 4064 et
372 4001 502 4064 auriferi
517 4001 586 4082 ripa
601 3999 737 4078 benigna
751 3998 840 4076 Tagi.
