2964 4380
308 537 312 544 ·
413 610 457 694 Ρ.
497 609 678 691 OVIDH
718 609 960 692 NASONIS

258 859 661 966 CARMINA
722 859 1114 965 SELEOTA.

339 1253 363 1302 I.
397 1253 517 1301 FROM
546 1254 627 1300 THE
656 1253 1026 1301 METAMORPHOSES.

443 1419 472 1477 1.
514 1416 608 1478 ΤΗΕ
634 1417 760 1479 Fonu
788 1417 920 1480 AGES.

542 1597 620 1644 nnn.
645 1596 669 1644 1.
694 1585 823 1645 89-150.

217 1770 249 1831 A
258 1791 280 1831 u
290 1789 359 1832 rea
382 1770 486 1852 prima
500 1775 566 1833 sata
580 1777 627 1834 est
641 1777 735 1847 aetas,
754 1794 832 1854 quae
846 1776 971 1838 vindice
986 1779 1085 1853 nullo,

136 1871 248 1948 sponte
263 1887 329 1940 sua,
345 1868 412 1929 sinc
426 1869 495 1948 lege
510 1870 605 1930 fidam
619 1874 804 1951 rectumque
819 1873 947 1936 colebat.
1196 1885 1234 1940 90

136 1965 243 2026 Poena
258 1968 421 2046 metusque
436 1966 576 2040 aberant,
594 1986 652 2028 ncc
668 1969 760 2029 verba
773 1969 929 2033 minantia
944 1974 1005 2032 fixo

135 2083 204 2124 aero
219 2063 416 2142 legebantur,
434 2083 493 2124 neo
506 2065 638 2144 supplex
653 2065 747 2126 turba
761 2066 893 2129 timebat

134 2160 249 2221 iudicis
264 2180 318 2221 ora
332 2159 391 2233 sui,
409 2161 462 2222 sed
477 2165 568 2222 erant
581 2161 648 2224 sine
663 2161 766 2224 iudice
781 2164 853 2226 tuti.

135 2257 290 2319 Nondum
305 2278 392 2318 caesa
406 2257 480 2332 suis,
497 2258 701 2339 peregrinum
716 2265 753 2321 ut
767 2261 880 2324 viseret
894 2265 1011 2337 orbem,

134 2355 298 2416 montibus
312 2355 346 2415 in
360 2354 497 2436 liquidas
511 2356 606 2436 pinus
621 2358 823 2420 descenderat
839 2361 949 2433 undas,
1195 2370 1233 2428 95

134 2453 286 2533 nullaque
300 2453 448 2514 mortales
461 2456 586 2533 praeter
600 2474 657 2515 sua
669 2455 765 2517 litora
779 2461 902 2518 norant.

133 2549 290 2610 Nondum
304 2549 406 2630 praeci
410 2549 491 2630 pites
504 2550 675 2630 cingebant
690 2552 806 2632 oppida
819 2555 934 2630 fossae3

101 2718 107 2721 ι
133 2667 199 2708 non
215 2647 430 2721 tuba-directi,
445 2663 512 2709 non
526 2648 605 2709 acris
619 2669 737 2711 cornua
752 2650 834 2724 flexi,
908 2683 910 2687 .

133 2765 199 2805 non
215 2744 331 2824 galeae,
349 2764 413 2805 non
427 2744 510 2806 ensis
523 2749 628 2806 erant:
651 2745 717 2808 sine
732 2746 844 2808 militis
858 2768 917 2808 usu

134 2841 243 2903 mollia
257 2862 382 2904 securae
396 2843 588 2922 peragebant
602 2844 666 2904 otia
680 2849 799 2923 gentes.
1176 2855 1233 2911 100

133 2939 208 3019 Ipsa
223 2958 346 3020 quoque
361 2939 504 3001 inmunis
517 2943 679 3021 rastroque
692 2941 813 3002 intacta
828 2963 884 3004 nec
900 2944 973 3004 ullis

133 3036 240 3098 saucia
254 3036 432 3097 vomeribus
446 3056 548 3117 perse
562 3037 658 3098 dabat
672 3039 779 3100 omnia
793 3041 901 3116 tellus3

133 3133 339 3214 contentique
354 3134 431 3196 cibis
445 3135 534 3196 nullo
549 3141 679 3214 cogente
694 3137 806 3198 creatis
911 3157 913 3161 ’

132 3232 280 3294 arbuteos
294 3231 381 3292 fetus
394 3236 607 3313 montanaque
620 3234 711 3312 fraga
725 3234 871 3313 legebant
888 3291 893 3300 ,
919 3282 922 3287 .

133 3348 291 3408 cornaque
305 3331 338 3390 et
352 3327 386 3391 in
401 3329 489 3390 duris
503 3329 665 3392 haerentia
679 3351 767 3392 mora
781 3333 900 3395 rubetis
1174 3341 1231 3398 105

133 3430 166 3486 et
183 3445 262 3505 quae
277 3425 459 3488 deciderant
474 3427 583 3507 patula
597 3427 681 3489 Iovis
694 3428 803 3491 arbore
818 3429 957 3509 glandes.

133 3522 199 3583 Ver
213 3525 280 3582 erat
294 3523 469 3598 aeternum,
487 3522 665 3605 placidique
680 3525 861 3606 tepentibus
874 3528 959 3589 auris

133 3619 318 3680 mulcebant
332 3620 461 3701 zephyri
475 3626 566 3682 natos
580 3621 647 3682 sine
662 3622 780 3684 semine
795 3623 894 3685 flores.
910 3642 912 3646 ·

135 3716 209 3777 Mox
225 3715 320 3776 etiam
335 3716 444 3797 fruges
458 3717 552 3778 tellus
567 3717 689 3779 inarata
703 3719 834 3794 ferebat,

131 3832 191 3874 -neo
207 3817 375 3875 renovatus
388 3834 462 3894 ager
475 3815 613 3895 gravidis
627 3817 759 3878 canebat
773 3818 890 3894 aristis;

132 3910 344 3979 fluminaiam
360 3911 542 3986 lactis'iam
557 3913 690 3974 fiumina
705 3915 838 3974 nectaris
854 3915 953 3987 ibant,

131 4009 273 4090 flavaque
289 4009 328 4070 dc
344 4009 437 4070 viridi
452 4009 615 4072 stillabant
630 4011 701 4072 ilico
716 4011 817 4071 mella.
