2964 4380
337 219 742 266 LETTElt-WRITING-THE
764 221 937 266 REMEDIES
958 221 999 266 OF
1020 222 1116 268 LOVE.
1234 207 1275 290 65

177 367 311 430 Ferreus
325 367 457 430 adsiduo
472 367 670 428 consumitur
683 367 798 428 anulus
812 387 887 444 usu3

216 465 328 526 interit
343 465 474 526 adsidua
488 485 595 526 vomer
608 465 751 526 aduncus
765 465 875 526 humo.

177 562 261 637 Quid
277 563 377 643 magis
391 565 438 624 est
452 583 526 624 saxo
540 563 681 624 durum?
704 562 781 642 quid
797 561 923 623 mollius
937 564 1047 625 unda?
1216 566 1275 628 475

217 661 306 722 Dura
324 664 429 721 tamen
444 659 532 721 molli
547 680 620 721 saxa
634 663 787 721 cavantur
801 679 892 740 aqua.

178 758 355 838 Penelopen
372 758 484 838 ipsam,
501 761 606 837 persta
619 759 723 831 modo,
742 762 882 838 tempore
896 757 1012 820 vinces.

218 855 318 936 Capta
334 856 420 917 vides
434 875 501 917 sero
518 855 680 932 Pergama,
697 859 790 935 capta
806 860 921 917 tamen.

77 973 80 977 ·
179 953 315 1033 Legerit,
333 958 365 1016 et
380 953 461 1015 nolit
475 953 667 1014 rescribere?
710 952 829 1034 Cogere
844 952 919 1015 noli.

217 1051 266 1111 Tu
283 1052 377 1112 modo
392 1050 562 1112 blanditias
576 1051 626 1112 iac
641 1049 726 1129 legat
740 1070 840 1130 usque
857 1053 937 1112 tuas.

178 1148 264 1222 Quae
279 1148 381 1210 voluit
396 1149 517 1228 legisse,
531 1148 618 1210 volet
632 1147 799 1210 rescribere
813 1148 912 1210 lectis.

217 1247 278 1307 Per
292 1267 439 1308 numeros
453 1246 583 1308 venient
597 1245 657 1307 ista
671 1246 849 1326 gradusque
863 1266 944 1309 suos.

177 1343 323 1404 Forsitan
338 1348 370 1405 et
385 1343 489 1424 primo
503 1342 608 1404 veniet
622 1343 681 1404 tibi
695 1342 802 1404 littera
815 1342 927 1417 tristis,

218 1461 361 1521 quaeque
376 1444 476 1520 roget,
493 1460 533 1502 ne
548 1461 579 1501 se
594 1440 761 1502 sollicitare
777 1441 861 1501 velis.

178 1537 269 1612 Quod
286 1542 375 1618 rogat
390 1538 454 1612 illa,
472 1538 579 1614 timet;
602 1538 687 1618 quod
702 1557 766 1598 non
781 1541 882 1616 rogat,
899 1541 999 1617 optat,
1016 1543 1054 1600 ut
1068 1539 1174 1602 instes.
1216 1543 1274 1603 485

218 1636 403 1717 Insequere3
425 1637 458 1698 et
472 1634 537 1697 voti
552 1635 717 1716 postmodo
732 1653 858 1716 compos
872 1635 942 1698 eris.

231 2003 281 2063 11.
322 2001 420 2062 ran
452 2000 697 2064 annanias
733 1975 793 2064 or
824 2001 954 2064 noun
986 2004 1085 2065 ano
1122 2005 1218 2068 rar
1273 1957 1274 1961 Ὺ

472 2115 751 2178 PLEASURES
781 2116 842 2178 OF
872 2117 991 2179 LIFE.

469 2328 551 2373 nnn.
577 2328 636 2372 sn.
663 2315 814 2385 149-160,
833 2316 981 2374 roa-212.

177 2507 340 2570 Desidiam
354 2526 435 2588 puer
448 2505 501 2568 ille
516 2505 604 2586 sequi
618 2505 710 2567 solet:
733 2505 801 2567 odit
815 2511 952 2586 agentes.

218 2605 268 2666 Da
282 2623 397 2666 vacuae
411 2602 524 2676 menti,
541 2621 604 2682 quo
618 2605 776 2674 teneatur,
792 2622 881 2682 opus.
904 2604 906 2608 ’

178 2701 261 2764 Sunt
276 2703 355 2774 fora,
374 2705 450 2762 sunt
463 2701 557 2779 leges,
575 2703 661 2773 sunt,
679 2719 758 2780 quos
771 2700 899 2773 tuearis,
917 2701 1024 2764 amici:

218 2800 296 2861 vade
310 2818 366 2879 per
380 2799 517 2859 urbanae
532 2797 666 2858 candida
680 2801 781 2858 castra
795 2800 896 2876 togae.

176 2897 237 2959 Vel
253 2900 288 2957 tn
304 2895 469 2976 sanguinei
484 2893 642 2956 iuvenalia
656 2914 788 2956 munera
803 2894 916 2955 Martis

217 2993 354 3073 suscipe:
377 2991 506 3053 deliciae
520 2991 583 3052 iam
598 2990 658 3051 tibi
673 2994 763 3070 terga
780 2992 911 3052 dabunt.

176 3092 268 3166 Ecce,
287 3092 386 3169 fugax
401 3089 549 3162 Parthus,
566 3088 674 3167 magni
688 3107 770 3150 nova
784 3108 877 3150 causa
891 3089 1058 3172 triumphi,

216 3189 280 3250 iarn
296 3188 383 3250 videt
400 3187 433 3248 in
449 3186 568 3266 campis
583 3173 723 3247 Caesaris
737 3206 824 3248 arma
838 3187 911 3248 suis.

175 3286 278 3348 Vince
294 3285 487 3364 Cupidineas
501 3283 619 3364 pariter
633 3275 830 3364 Parthasque
844 3283 986 3363 sagittas,

216 3387 249 3445 et
263 3383 346 3444 reier
360 3383 400 3443 ad
415 3381 534 3462 patrios
548 3380 622 3442 bina
639 3384 765 3460 tropaea
779 3381 863 3442 deos.

176 3479 225 3542 Ut
239 3479 333 3542 semel
347 3478 462 3540 Aetola
475 3478 585 3540 Venus
598 3481 645 3539 est
659 3498 677 3539 a
691 3477 820 3557 cuspide
835 3478 927 3552 laesa,

216 3578 348 3639 mandat
362 3575 495 3638 amatori
509 3575 591 3636 bella
605 3575 744 3652 gerenda
758 3594 823 3636 suo.

176 3675 263 3737 Rura
278 3694 401 3756 quoque
416 3674 575 3735 oblectant
589 3672 720 3746 animos,
738 3672 943 3753 studiumque
958 3673 1096 3735 colendi:

217 3772 374 3853 quaelibet
389 3771 464 3832 huic
478 3791 570 3832 ornae
584 3770 692 3831 cedere
707 3788 784 3830 cura
797 3774 910 3849 potest.

177 3870 267 3933 Oolla
280 3870 353 3931 iube
368 3868 504 3930 domitos
518 3867 605 3930 oneri
620 3868 796 3947 subponere
812 3870 927 3941 tauros,

217 3967 336 4030 sauciet
351 3970 389 4027 ut
403 3967 518 4029 duram
531 3985 638 4029 vomer
652 3965 796 4027 aduncus
810 3965 955 4026 humum.

365 4061 381 4110 5
