2964 4380
337 216 418 260 ma
427 216 574 262 GONTEST
595 216 660 261 FOR
681 216 749 260 THE
772 215 863 261 ARMS
886 216 926 261 OF
947 217 1124 264 ACHILLES.
1235 217 1276 284 37

175 366 349 428 dummodo
364 369 449 448 qued
463 369 578 429 iratres
593 367 747 428 Telamon
763 367 936 448 Peleusque
950 369 1094 443 fuerunt,

175 465 282 526 Aiacis
297 465 447 527 meritum
463 485 527 528 non
543 466 599 527 sit:
621 486 678 527 nee
694 465 857 545 sanguinis
872 467 959 540 ordo,

175 563 228 624 sed
246 562 372 624 virtutis
388 564 488 625 honor
502 564 610 644 spoliis
624 569 794 643 quaeratur
809 564 842 624 in
857 563 936 624 istis.

175 661 283 722 Antei
298 661 484 742 proximitas
498 662 682 742 primusque
697 662 871 742 requiritur
883 661 983 735 heres,
1064 729 1067 738 ,

174 763 222 819 est
236 759 361 838 genitor
375 759 497 834 Peleus,
515 764 561 821 est
576 759 717 840 Pyrrhus
735 760 819 820 filins
833 758 890 821 illi.

176 855 253 931 Quis
268 856 355 918 locus
369 856 485 918 Aiaci?
526 858 678 919 Phthiam
693 858 769 920 haee
785 857 957 938 Scyrumve
971 858 1130 920 ferantur!

175 954 243 1014 Nec
258 954 364 1015 minus
378 959 426 1016 est
440 954 501 1016 isto
516 955 637 1017 Teucer
653 955 806 1036 patruelis
820 955 949 1016 Achilli.

175 1051 264 1112 Num
279 1051 361 1133 petit
375 1052 429 1112 ille
444 1056 562 1127 tamen,
579 1074 658 1114 num
673 1053 698 1114 si
714 1056 813 1134 pietat,
830 1053 954 1114 auferat
969 1053 1047 1113 illa?

258 1149 364 1229 ‘Ergo
379 1170 509 1230 operum
524 1151 674 1230 quoniam
689 1152 813 1212 undum
831 1154 989 1212 certamen
1005 1151 1154 1212 habetur:

174 1244 268 1326 plura
282 1247 410 1326 quidem
426 1247 498 1320 feei,
516 1268 611 1328 quam
626 1267 704 1328 qnae
719 1249 944 1328 comprendere
960 1247 1054 1309 dictis

175 1343 375 1424 inpromptu
391 1344 471 1405 mihi
486 1345 541 1420 sit3
566 1364 670 1405 rorum
685 1352 792 1407 tamen
807 1346 918 1407 ordine
932 1346 1040 1406 ducar.

258 1441 421 1502 ‘Praescia
437 1442 563 1502 venturi
579 1443 723 1522 genetrix
738 1444 854 1504 Nereia
868 1443 924 1504 leti

175 1537 354 1599 dissimulat
369 1540 459 1600 cultu
475 1545 601 1615 netum3
623 1545 655 1601 et
674 1542 840 1620 deceperat
854 1561 973 1614 omnes,

175 1635 210 1694 in
225 1635 338 1714 quibus
354 1637 495 1710 Aiacem,
513 1643 656 1718 sumptae
670 1639 796 1700 fallacia
811 1639 913 1700 vestis.

175 1732 275 1794 Arma
289 1753 347 1814 ege
361 1734 508 1796 femineis
522 1736 665 1796 animum
679 1740 805 1797 motura
820 1736 942 1796 virilem

175 1832 332 1893 mercibus
347 1832 474 1894 inserui.
521 1833 632 1913 Neque
646 1834 750 1894 adhuc
765 1833 938 1914 proiecerat
952 1834 1043 1896 heres

175 1928 333 2008 virgineos
348 1929 486 2003 habitus,
503 1951 574 1992 eum
590 1951 732 2012 parmam
751 1931 936 2011 hastamque
951 1931 1074 1993 tenenti

178 2025 199 2055 ‘¹
211 2027 294 2088 Nate
309 2028 405 2102 dea,”
421 2028 488 2088 dixi
506 2028 528 2056 “
539 2029 597 2089 libi
612 2049 643 2090 se
658 2029 799 2109 peritura
813 2033 973 2090 reservant

176 2124 343 2204 Pergama!
366 2125 444 2205 quid
456 2125 582 2187 dubitas
596 2125 757 2206 ingentem
774 2131 910 2188 evertere
926 2127 1053 2188 Troiam
1064 2128 1078 2186 ’Β
1088 2126 1110 2156 ”

175 2221 331 2301 iniecique
347 2242 478 2282 manum
493 2223 671 2303 fortemque
685 2225 724 2284 ad
739 2224 835 2285 fortia
850 2224 930 2285 misi.

258 2319 363 2398 ‘Ergo
379 2339 473 2399 opera
487 2319 573 2380 illius
588 2341 657 2382 mea
671 2324 759 2381 sunt:
782 2341 839 2401 ego
854 2321 1018 2400 Telephon
1032 2321 1122 2383 hasta

174 2420 373 2496 pugnantem
389 2417 508 2491 domui,
526 2417 646 2478 vietum
661 2422 866 2497 orantemque
882 2419 990 2493 refeci3

175 2514 260 2593 quod
276 2513 402 2575 Thebae
417 2515 566 2589 cecidere,
583 2535 688 2576 meum
704 2522 770 2591 est3
793 2537 843 2577 me
858 2516 975 2577 credite
991 2517 1123 2590 Lesbon,

175 2631 226 2672 me
242 2610 392 2673 Tenedon
409 2612 612 2693 Chrysenque
626 2617 658 2674 et
674 2613 788 2687 Cillan,
806 2614 966 2694 Apollinis
980 2614 1083 2687 urbes,

174 2712 208 2770 et
223 2708 356 2789 Scyrum
370 2710 496 2790 cepisse,
515 2731 583 2771 mea
597 2730 746 2772 concusso
760 2715 871 2792 putate

111 2819 115 2826 '
175 2807 378 2886 procubuisse
392 2808 457 2869 solo
473 2808 623 2887 Lyrnesia
637 2809 761 2869 moenia
775 2810 895 2869 dextra.

175 2903 285 2983 thue
299 2904 376 2966 alios
390 2908 522 2978 taceam,
540 2906 593 2984 qni
609 2926 735 2968 saevum
754 2907 879 2986 perdere
895 2910 999 2986 posset
1063 2913 1066 2918 '

176 3001 326 3074 Hectora,
343 3021 456 3083 nempe
471 3003 559 3064 dedi:
581 3023 637 3083 per
651 3024 701 3064 me
716 3004 797 3064 iacet
812 3004 941 3064 inclitus
957 3005 1086 3066 Hector.

176 3098 245 3160 Illis
259 3099 336 3160 haec
350 3087 456 3173 armis,
474 3101 588 3180 quibus
602 3106 649 3162 est
664 3101 813 3162 inventus
828 3101 980 3174 Achilles,

175 3216 262 3256 arma
276 3202 365 3276 peto:
386 3197 458 3259 rive
472 3199 630 3272 dederam,
647 3203 718 3278 post
732 3201 799 3260 fata
813 3219 949 3279 reposce.

259 3294 326 3355 ‘Ut
341 3295 429 3356 dolor
443 3295 539 3356 unius
555 3296 680 3358 Danaos
695 3298 892 3376 pervenitad
907 3317 1015 3358 omnes

176 3391 358 3471 Aulidaque
372 3393 546 3454 Euboicam
562 3394 762 3474 complerunt
777 3395 863 3456 mille
878 3395 1012 3469 carinae,

175 3492 355 3570 exspectata
369 3491 435 3563 diu,
452 3491 541 3551 nulla
556 3494 612 3552 aut
626 3493 783 3552 contraria
796 3493 886 3553 classi

176 3586 305 3648 flamina
319 3591 419 3662 erant,
436 3589 595 3669 duraeque
610 3588 722 3650 iubent
736 3590 977 3669 Agamemnona
991 3594 1089 3651 sortes

176 3683 358 3746 inmeritam
373 3705 479 3747 saevae
493 3691 601 3748 natam
616 3690 752 3748 mactare
768 3688 900 3748 Dianae.

177 3781 321 3862 Denegat
335 3783 396 3844 hoc
410 3783 535 3864 genitor
549 3784 692 3864 divisque
707 3784 853 3846 irascitur
868 3785 943 3864 ipsis

177 3884 271 3960 atque
286 3880 319 3941 in
335 3901 406 3960 rege
421 3885 528 3943 tamen
543 3885 632 3962 pater
646 3887 702 3943 est.
748 3883 817 3961 Ego
832 3882 909 3942 mite
923 3879 1063 3961 parentis

178 3978 343 4058 ingenium
357 3979 460 4041 verbis
473 3979 513 4040 ad
528 3979 654 4059 publica
668 3979 832 4040 commoda
846 3977 935 4038 verti.
