2964 4380
208 202 248 284 36
402 219 428 262 P.
456 217 570 262 OVIDII
592 217 742 264 NASONIS
764 216 927 264 CARMINA
950 219 1106 266 SELEOTA.

207 367 299 443 Quod
313 367 372 429 tibi
387 367 413 430 si
427 368 538 448 populi
553 368 718 430 donaverit
732 388 818 429 error
832 368 959 443 Achivi,

206 487 263 528 cur
277 465 429 546 spolieris,
446 466 516 540 erit,
533 486 597 527 non
613 487 669 528 cur
683 466 835 528 metuaris
849 467 887 527 ab
902 467 1001 540 hoste,

206 570 238 627 et
252 567 340 645 fuga,
358 584 420 644 qua
435 565 499 626 sola
513 569 654 638 cunctos,
672 563 882 638 timidissime,
901 563 1011 638 vincis,
1247 568 1305 626 115

207 666 297 726 tarda
311 665 422 724 futura
435 663 494 724 tibi
509 667 555 725 est
569 664 745 743 gestamina
758 667 849 724 tanta
863 661 1014 724 trahenti.

289 763 401 822 ‘Adde
416 762 501 841 quod
515 762 574 822 is'te
588 767 674 836 tuus,
692 766 758 823 tam
773 780 843 822 raro
858 760 977 841 proelia
990 777 1110 840 passus,

206 860 330 941 integer
344 864 391 921 est
405 860 540 939 clipeus:
563 869 681 934 nostro,
699 859 754 940 qui
769 859 832 920 tela
846 859 977 920 ferendo

206 959 294 1020 mille
308 962 396 1038 patet
411 958 524 1038 plagis,
541 977 641 1018 novus
655 962 703 1019 est
717 977 874 1018 successor
888 957 1060 1017 habendus.

289 1056 297 1084 ‘
309 1056 465 1136 Denique,
477 1056 554 1136 quid
566 1056 668 1118 vorbis
679 1075 758 1136 opus
772 1058 819 1116 est
829 1053 1224 1134 f—spectemuragendo!
1248 1055 1306 1114 120

207 1154 307 1214 Arma
320 1154 380 1214 viri
395 1154 488 1215 fortis
502 1154 623 1214 medios
637 1154 809 1214 mittantur
824 1153 857 1213 in
872 1152 990 1214 hostes:

207 1251 281 1312 inde
296 1252 401 1313 iubete
416 1251 482 1332 peti
497 1257 529 1312 ct
544 1252 732 1312 referentem
748 1254 857 1311 ornate
871 1250 1002 1311 relatis’

287 1347 431 1409 Finierat
446 1349 615 1409 Telamone
630 1352 715 1408 satus
729 1346 880 1427 vulgique
895 1351 1039 1408 secutum

207 1445 322 1506 ultima
336 1466 481 1506 murmur
495 1449 572 1519 erat,
590 1445 689 1506 donec
708 1444 854 1505 Laertius
868 1444 959 1505 heros

207 1543 332 1604 adstitit
346 1547 440 1623 atque
455 1543 561 1603 oculos
575 1543 706 1623 paulum
722 1542 835 1602 tellure
850 1546 987 1603 moratos
1249 1544 1307 1602 125

208 1641 337 1700 sustulit
351 1641 389 1701 ad
406 1660 548 1720 proceres
562 1640 803 1719 exspectatoque
818 1639 945 1700 resolvit
961 1643 967 1656 '

208 1757 261 1798 ora
276 1757 365 1812 sono;
388 1757 490 1816 neque
505 1738 591 1797 abest
606 1736 752 1797 facundis
767 1735 870 1814 gratia
884 1736 985 1797 dictis.

290 1835 342 1895 ‘Si
359 1855 427 1896 mea
442 1854 515 1894 cum
530 1835 641 1895 vestris
655 1833 827 1894 valuissent
843 1837 924 1907 vota,
943 1833 1075 1912 Pelasgi,

208 1951 272 1992 non
288 1932 370 1993 foret
384 1932 551 2010 ambiguus
566 1931 649 1993 tanti
664 1930 846 1992 certaminis
860 1930 961 2003 heres,

207 2033 306 2108 tuque
321 2029 385 2089 tuis
399 2029 504 2102 armis,
521 2049 578 2090 nos
594 2033 624 2090 te
640 2034 831 2109 poteremur,
848 2028 983 2089 Achille.
1250 2032 1308 2090 130

209 2126 308 2200 Quem
325 2127 472 2206 quoniam
490 2147 554 2187 non
569 2146 668 2206 aequa
683 2126 763 2186 milri
775 2125 924 2202 vobisque
939 2128 1098 2205 negarunt

207 2225 293 2284 fata’
312 2224 486 2304 (manuque
502 2223 595 2284 simul
611 2223 709 2286 veluti
724 2223 924 2284 lacrimantia
938 2224 1028 2284 tersit

207 2321 357 2402 lumina),
377 2322 466 2401 ‘quis
481 2341 596 2400 magno
611 2321 723 2382 melius
738 2322 885 2382 succedat
899 2320 1031 2394 Achilli,

208 2439 302 2499 quam
317 2439 373 2498 per
389 2439 481 2498 quem
497 2439 631 2499 magnus
646 2418 764 2478 Danais
781 2418 928 2479 successit
944 2417 1108 2479 Achilles?

209 2517 295 2578 Huic
309 2517 403 2577 modo
419 2536 457 2576 ne
471 2516 581 2596 prosit,
600 2516 694 2595 quod,
711 2515 760 2574 uti
776 2520 833 2588 est,
850 2515 945 2576 hebes
960 2534 1024 2576 esse
1038 2516 1169 2590 fatetur,
1250 2519 1307 2578 135

207 2634 285 2676 neve
300 2613 380 2674 mihi
395 2617 517 2687 noceat,
535 2615 617 2694 quod
634 2613 721 2674 vobis
735 2632 868 2692 semper,
888 2613 1014 2687 Achivi,

207 2711 330 2793 profuit
345 2711 525 2790 ingenium3
548 2730 677 2789 meaque
692 2711 769 2771 haec
783 2710 944 2784 facundia,
963 2710 1053 2790 siqua
1066 2713 1123 2784 est,
1226 2717 1228 2722 '

208 2829 288 2890 quae
302 2830 389 2870 ‘nunc
404 2830 461 2889 pro
476 2809 615 2882 domino,
632 2827 690 2888 pro
706 2808 792 2869 vobis
807 2828 897 2887 saepe
913 2808 1019 2868 locuta
1033 2814 1090 2882 est,

208 2907 329 2969 invidia
343 2911 456 2979 carcat,
474 2907 556 2966 bona
570 2925 627 2967 neo
643 2925 698 2966 sua
714 2905 845 2985 quisque
860 2909 990 2967 recuset.

291 3005 393 3064 ‘Nam
409 3024 508 3083 genus
523 3008 555 3064 et
568 3022 700 3082 proavos
715 3006 746 3063 et
762 3023 839 3082 quae
856 3022 919 3063 non
935 3002 1068 3064 fecimus
1082 3003 1154 3083 ipsi,
1250 3007 1307 3064 140

208 3101 260 3162 vin
276 3122 311 3162 ea
326 3104 433 3162 nostra
447 3119 532 3162 voco.
579 3100 640 3161 Sed
656 3100 741 3160 enim
757 3100 831 3180 quia
847 3100 974 3160 rettulit
988 3100 1070 3161 Aiax

208 3219 273 3260 esse
288 3198 371 3259 lovis
385 3216 550 3279 pronepos,
567 3197 667 3258 nostri
683 3216 806 3276 quoque
821 3197 984 3277 sauguinis
998 3200 1108 3259 auctor

208 3297 355 3376 luppiter
370 3300 427 3367 est,
444 3295 640 3376 totidemque
655 3295 771 3374 gradus
786 3295 941 3356 distamus
955 3295 994 3356 ab
1009 3295 1073 3356 illc.

208 3394 290 3454 Nam
308 3392 388 3454 mihi
404 3393 533 3454 Laertes
547 3397 636 3473 pater
651 3396 709 3464 est,
728 3392 876 3453 Arcesius
890 3392 948 3465 illi,

209 3491 354 3570 Iuppiter
369 3491 453 3564 huie,
471 3509 572 3569 neque
588 3489 620 3549 in
636 3489 686 3549 his
701 3490 867 3568 quisquam
883 3490 1052 3551 damnatus
1067 3493 1099 3550 et
1113 3490 1213 3551 exsul.
1251 3493 1307 3550 145

209 3589 268 3649 Est
283 3607 406 3668 quoque
421 3608 477 3668 per
492 3594 623 3648 matrem
642 3586 803 3666 Cyllenius
818 3587 927 3647 addita
942 3587 1031 3647 nobis

209 3686 307 3747 altera
321 3686 484 3750 nobilitas:
507 3686 645 3746 deusest
659 3685 693 3745 in
707 3688 842 3766 utroque
857 3688 997 3765 parente.

210 3784 271 3845 Sed
286 3803 388 3863 neque
402 3786 545 3845 materno
560 3783 644 3863 quod
660 3801 730 3843 sum
748 3781 927 3862 generosior
941 3789 1025 3854 ortu,

209 3900 267 3942 nec
281 3881 361 3941 mihi
377 3881 458 3960 quod
476 3883 565 3960 pater·
579 3885 625 3941 est
641 3879 774 3941 fraterni
789 3879 953 3958 sanguinis
967 3879 1084 3952 insons,

209 3978 370 4058 proposita
384 3997 471 4038 arma
484 3980 567 4056 peto.
614 3975 737 4038 Meritis
751 3976 920 4057 expendite
934 3995 1071 4048 causam,
1252 3981 1310 4040 150
