2986 4376
433 225 606 272 Puovuuns
627 227 703 274 Aul)
724 228 833 275 SHORT
853 230 1065 276 SELECTIONS.

738 383 767 440 4.

204 491 309 555 Prono
323 491 383 555 tibi
398 491 482 554 vinci
496 491 679 574 cupientem
692 491 818 554 vincere
831 490 937 572 palma
950 492 1006 552 est.

983 593 1051 656 Au.
1069 610 1124 655 111.
1142 599 1191 668 14,
1208 597 1257 660 47.

736 756 766 814 5.

204 863 345 938 Leniter,
362 884 400 926 ex
415 864 528 926 merito
543 864 695 946 quicquid
709 865 840 947 pstisre,
857 867 1025 930 ferendum
1039 872 1095 931 est.

244 962 330 1038 Quae
346 961 433 1024 venit
447 962 581 1042 indiguo
600 983 711 1045 poeno,
728 964 864 1027 dolenda
878 965 974 1028 venit.
1070 1048 1102 1108 H
1229 1050 1246 1110 7

1105 1063 1158 1108 uu.
1177 1065 1256 1107 v..

737 1210 766 1266 6.

683 1319 911 1401 Acceptissims
924 1341 1047 1404 semper

242 1435 375 1478 munere
388 1419 474 1491 sunt,
491 1420 601 1479 auctor
615 1436 695 1497 quae
709 1417 948 1498 pretiose-iscit.
993 1499 1026 1560 H
1065 1487 1069 1496 .

1029 1516 1081 1561 us.
1101 1516 1189 1560 xum.
1207 1504 1254 1564 71.

735 1666 762 1728 t.

202 1776 316 1840 Oertus
329 1797 418 1840 amor
431 1797 557 1840 morum
571 1778 628 1840 est.
673 1776 822 1839 Formam
835 1778 1041 1861 populabitur
1054 1783 1149 1852 setas,

240 1877 273 1936 et
287 1874 424 1956 placitus
437 1874 526 1954 rugis
540 1875 648 1938 vultus
665 1881 771 1936 sretus
784 1875 854 1937 erit.

201 1971 341 2053 Tempus
355 1972 416 2034 erit
431 1992 493 2054 quo
507 1992 561 2034 vos
578 1972 742 2053 speculum
759 1972 871 2036 vidisse
884 1973 1016 2056 pigebit,

240 2081 273 2132 et
287 2069 393 2133 veniet
406 2069 494 2152 rugis
508 2070 607 2133 alters
620 2089 714 2133 ceusu
727 2070 825 2134 dolor.

996 2153 1088 2214 Mur).
1105 2153 1187 2214 Fre.
1205 2159 1255 2216 45.

735 2316 764 2375 8.

201 2423 387 2505 Spectatum
400 2425 546 2501 veniunt,
563 2425 698 2502 veniunt
711 2428 895 2508 spectentur
910 2429 947 2488 ut
961 2426 1054 2509 ipsse.

1054 2525 1091 2591 A.
1109 2525 1148 2587 Α.
1167 2543 1190 2586 1.
1206 2531 1254 2587 99.

735 2689 763 2748 9.

200 2801 301 2862 Parve
313 2797 392 2862 levis
405 2798 537 2880 capiunt
550 2798 681 2862 animos.
726 2798 804 2861 Fuit
818 2798 896 2861 utile
907 2798 1018 2861 multis

240 2896 409 2978 pulvinum
423 2896 511 2957 facili
525 2896 735 2977 composuisse
749 2915 857 2957 manu.

200 2994 328 3056 Profuit
341 2996 374 3055 et
388 2993 478 3055 tenui
495 2996 603 3056 ventos
616 2993 749 3055 movisse
764 2994 889 3065 tabells,

239 3095 271 3154 et
285 3110 361 3154 cave
374 3091 433 3153 sub
447 3094 593 3153 tenerum
607 3110 734 3153 scemns
748 3091 869 3153 dedisse
883 3091 1005 3172 pedem.
1026 3171 1055 3232 Α
1084 3171 1114 3232 Α
1185 3177 1242 3236 159

1058 3218 1065 3232 .
1116 3188 1165 3236 .1.
1245 3220 1252 3235 .

741 3335 770 3393 0.

199 3429 316 3491 Formo
327 3428 409 3491 viros
423 3429 568 3509 neglectu
582 3429 681 3490 decet.
722 3336 738 3393 1

724 3691 773 3748 11.

198 3819 306 3900 Atque
321 3817 427 3880 oculos
441 3816 539 3880 oculis
553 3819 691 3898 spectare
706 3817 880 3880 fatentibus
894 3817 1015 3898 iguem:

239 3935 329 3998 saepe
344 3917 452 3980 tacens
466 3935 573 3979 vocem
587 3915 742 3996 verbaque
756 3914 982 3978 vultushsbet.
1026 3995 1114 4058 ΛΑ
1184 4001 1242 4062 573

1058 4042 1065 4058 .
1115 4012 1164 4058 .1.
1246 4043 1252 4058 .

1261 229 1302 298 77
