2964 4380
335 233 403 276 THE
425 232 573 278 CONTES'I'
594 232 658 276 FOlt
679 232 747 276 THE
770 233 860 278 Altus
883 233 923 278 on*
945 233 1120 280 ACHILLES.

635 433 714 476 m.
740 433 819 478 XIII.

190 574 196 582 ’
259 579 433 642 Consedere
448 579 553 652 duces,
570 582 603 639 et
620 576 708 658 vulgi
723 581 827 640 stante
842 598 956 641 corona

176 677 279 758 surgit
293 679 332 738 ad
348 678 403 737 hos
418 676 512 756 clipei
527 676 674 737 dominus
689 676 904 756 septemplicis
917 677 1014 756 Aiax3

176 780 276 855 utque
290 779 357 836 erat
373 774 541 854 impatiens
556 773 630 847 irae,
650 773 754 852 Sigeia
769 778 859 835 torvo

175 872 270 933 litora
285 871 421 952 respexit
435 873 627 951 classemque
642 871 676 932 in
692 871 783 932 litore
798 872 890 932 vultu

175 971 406 1050 intendensque
422 990 534 1030 manus
551 969 716 1046 ‘Agimus
733 989 791 1048 pro
806 969 985 1049 Iuppitert’
1009 971 1115 1052 inquit

177 1068 270 1129 ‘anto
286 1072 368 1129 rates
383 1089 518 1141 causam,
536 1071 568 1128 et
582 1087 707 1130 mecum
722 1068 887 1128 confertur
902 1068 1011 1131 Ulixes
1026 1073 1034 1131 l

175 1165 220 1226 At
236 1186 298 1226 nou
316 1166 480 1228 Hectoreis
494 1165 654 1227 dubitavit
669 1165 778 1226 cedere
793 1165 939 1238 flammis,

175 1281 252 1341 quas
266 1283 323 1341 ego
338 1263 486 1336 sustinui,
503 1282 581 1342 quas
595 1263 654 1324 hac
668 1283 687 1324 o
700 1262 796 1323 classe
811 1262 930 1340 iugari.

176 1360 292 1421 Tutius
307 1365 354 1422 est
368 1361 468 1440 igitur
482 1361 564 1422 fictis
578 1361 769 1422 contendere
785 1359 899 1432 verbis,

176 1477 270 1537 quam
285 1478 427 1538 pugnero
438 1460 550 1519 manu!
594 1457 656 1518 Sed
671 1476 729 1518 nec
744 1455 824 1516 mihi
839 1457 942 1518 dicero
957 1463 1152 1539 promptum,

175 1575 233 1616 nec
247 1556 350 1616 facere
365 1560 412 1616 est
427 1555 494 1616 isti:
519 1560 737 1635 quantumque
752 1573 809 1633 ego
826 1553 928 1614 Marte
942 1555 1039 1616 feroci

174 1653 272 1733 inquo
286 1653 352 1714 acie
368 1653 464 1726 valeo,
483 1656 609 1713 tantum
624 1653 708 1714 valet
722 1652 780 1712 iste
796 1652 966 1732 loquendo.

258 1750 346 1811 ‘Nec
361 1751 565 1812 memoranda
579 1755 686 1811 tamen
700 1749 788 1810 vobis
803 1769 872 1810 meo
887 1750 982 1823 facta,
1000 1749 1133 1830 Pelasgi,

175 1866 240 1908 esso
255 1866 339 1908 reor:
364 1848 485 1909 vidistis
500 1847 595 1909 enim.
641 1847 705 1908 Sua
720 1850 826 1912 narret
841 1847 961 1920 Ulixes,

175 1963 255 2023 quaa
270 1944 336 2005 sine
351 1948 430 2006 toste
444 1943 537 2024 gerit,
554 1964 690 2025 quorum
705 1963 769 2004 nox
784 1944 909 2005 conscia
923 1945 987 2005 solo
1001 1947 1057 2006 est.

175 2041 319 2102 Praemia
334 2062 449 2122 magna
463 2041 530 2122 peti
544 2043 656 2102 fateor.
702 2040 761 2102 Sed
779 2041 880 2102 demit
894 2041 1047 2104 honorem
1116 2042 1126 2048 ’

174 2138 332 2200 aemulus:
354 2138 445 2201 Aiaci
461 2159 524 2200 non
539 2143 586 2200 est
600 2138 738 2200 tenuisse
754 2139 936 2218 superbum,

175 2237 217 2298 sit
231 2237 305 2298 licet
321 2237 379 2298 hoc
394 2237 516 2317 ingens,
534 2236 684 2317 quicquid
700 2235 838 2316 speravit
851 2237 973 2298 Ulixes.

175 2335 241 2395 Iste
256 2335 333 2395 tulit
347 2335 487 2414 pretinm
503 2333 565 2396 iam
580 2353 667 2394 nunc
682 2334 901 2414 temptaminis
915 2335 1022 2408 huius,

175 2451 249 2511 quo,
266 2452 340 2493 eum
355 2431 458 2493 victus
472 2431 543 2504 orit,
560 2452 684 2493 mecum
700 2435 832 2493 certasse
847 2433 977 2493 feretur.

258 2529 384 2610 ‘Atque
399 2549 467 2609 ego,
485 2530 511 2590 si
526 2529 627 2590 virtus
642 2533 676 2590 in
690 2549 741 2590 me
756 2529 941 2591 dubitabilis
955 2533 1046 2605 esset,

175 2627 342 2688 nobilitate
357 2631 469 2708 potens
483 2647 592 2701 essem,
610 2628 780 2689 Telamone
795 2633 928 2701 creatus,

175 2725 300 2786 moenia
314 2726 369 2805 qui
384 2725 461 2786 forti
477 2724 614 2786 Troiana
628 2725 686 2786 sub
701 2725 839 2786 Hercule
854 2725 939 2805 cepit

175 2822 331 2902 litoraque
346 2823 480 2883 intravit
495 2824 649 2903 Pagasaea
664 2822 782 2884 Colcho
797 2823 913 2883 carina.

175 2921 298 2981 Aeacus
312 2920 388 2981 huic
403 2923 493 3000 peter
507 2924 563 2993 est,
581 2920 636 3000 qui
651 2919 721 2981 iure
735 2919 901 2981 silentibus
916 2921 982 2981 illic

176 3016 293 3089 reddit,
312 3017 366 3077 ubi
382 3017 534 3079 Aeoliden
550 3038 660 3078 saxum
675 3037 770 3097 gravo
786 3017 943 3097 Sisyphon
958 3022 1059 3098 urget.

175 3114 302 3176 Aeacon
318 3113 461 3194 agnoscit
475 3134 618 3176 summus
632 3115 816 3196 prolemque
836 3116 957 3176 fatetur

176 3212 323 3292 Iuppiter
338 3232 402 3274 esse
417 3232 520 3273 suum:
543 3212 587 3274 sic
601 3233 619 3274 a
634 3213 707 3274 Iove
723 3211 836 3274 tertius
851 3212 944 3272 Aiax.

176 3310 245 3370 Nec
260 3313 366 3370 tamen
381 3309 459 3371 haec
473 3308 567 3371 series
581 3309 615 3369 in
630 3329 756 3371 causam
772 3310 882 3388 prosit,
896 3309 1024 3384 Achivi,

177 3408 203 3468 si
218 3406 297 3466 mihi
313 3427 386 3468 cum
402 3426 518 3486 magno
533 3426 597 3468 non
611 3412 659 3468 ost
672 3407 851 3468 communis
865 3407 1000 3468 Achille.

177 3505 289 3565 Frater
303 3507 380 3578 erat,
398 3505 538 3566 fraterna
552 3508 636 3585 peto.
682 3504 766 3578 Quid
782 3505 934 3583 sanguine
950 3508 1053 3566 cretus

178 3601 325 3682 Sisyphio
340 3601 498 3681 furtisque
513 3606 545 3662 et
559 3602 671 3663 fraude
686 3601 868 3664 simillimus
882 3601 930 3662 illi

177 3698 290 3760 inserit
300 3699 446 3760 Aeacidis
460 3699 580 3768 alienae
596 3700 724 3761 nomina
738 3698 867 3779 gentis?

261 3797 334 3858 ‘An
350 3797 435 3877 quod
450 3798 484 3858 in
498 3817 585 3862 armo
599 3798 686 3878 prior
701 3797 853 3876 nulloque
867 3796 925 3858 sub
941 3794 1044 3858 indice
1058 3795 1142 3870 veni,

178 3913 265 3956 armo
280 3895 424 3974 neganda
438 3894 543 3956 mihi?
586 3895 755 3975 Potiorque
771 3894 930 3956 videbitur
944 3893 1008 3966 ille,

178 3990 294 4053 ultima
309 3992 363 4072 qui
379 3991 463 4073 cepit
477 3990 726 4071 detrectavitque
741 3991 847 4052 furore

349 4090 366 4141 3
