2964 4380
473 199 541 244 mn
563 199 788 246 DEIFIOATION
810 199 851 244 OF
871 199 1015 245 CAESAR·
1254 201 1295 264 43

280 352 368 414 Mota
381 370 495 412 manus
508 369 676 431 procerum
690 354 747 424 est,
764 353 797 412 et
811 350 887 430 quid
902 349 1053 412 facundia
1067 352 1181 430 posset,

199 468 232 512 re
246 449 367 530 patuit:
389 448 543 529 fortisque
554 448 614 511 viri
629 448 705 509 tulit
719 467 806 510 arma
820 447 966 510 disertus.

200 547 338 610 Hectora
352 546 407 628 qui
421 547 516 621 solus,
534 545 589 626 qui
603 547 724 608 ferrum
739 545 890 626 ignesque
904 545 1074 626 Iovemque

199 645 353 708 sustinuit
367 645 494 718 totiens,
511 664 609 705 unam
623 663 687 705 non
703 643 838 705 sustinet
853 644 943 717 iram,

198 743 418 822 invictumque
432 741 537 802 virum
552 741 629 803 vicit
643 741 743 803 dolor.
786 740 917 820 Adripit
930 760 1037 802 ensem

199 843 232 901 et
247 840 357 902 ‘Meus
371 839 424 900 hic
438 842 522 901 certe
535 842 583 900 est
599 837 654 919 (an
668 842 701 900 et
714 838 802 900 hunc
816 838 875 899 sibi
889 838 991 919 poscit
1005 838 1115 900 Ulixes
1124 836 1166 918 l),

198 937 278 999 hoc'
295 938 341 1000 ait
357 937 531 998 ‘utendum
548 940 596 998 est
610 937 644 998 in
659 957 710 998 me
724 936 819 997 mihi:
843 936 959 1016 quique
974 955 1083 997 cruore

199 1055 289 1116 saepe
303 1035 468 1115 Phrygum
483 1034 617 1108 maduit,
631 1034 754 1096 domini
768 1053 855 1095 nunc
869 1034 962 1095 caede
976 1033 1126 1106 madebit,

200 1152 239 1194 ne
254 1131 421 1212 quisquam
436 1131 565 1194 Aiacem
580 1131 679 1212 possit
693 1150 839 1211 superare
854 1131 915 1192 nisi
930 1130 1037 1192 Aiex.’

280 1228 382 1302 Dixit,
398 1232 431 1290 et
444 1229 479 1290 in
493 1233 604 1310 pectus
619 1233 689 1290 tum
708 1229 837 1290 demum
851 1229 982 1290 vulnera
997 1247 1134 1308 passum,

200 1347 261 1407 qua
274 1326 382 1406 patuit
395 1326 528 1400 ferrum,
545 1326 672 1394 letalem
686 1326 830 1388 condidit
844 1345 960 1387 ensem.

200 1423 267 1485 Nec
282 1423 407 1484 valuere
421 1443 534 1484 manus
547 1423 683 1484 infixum
697 1423 828 1484 educere
843 1423 958 1484 telum:

199 1521 323 1602 expulit
335 1521 403 1600 ipse
417 1540 524 1596 ernor3
547 1521 771 1601 rubefactaque
785 1521 939 1600 sanguine
954 1519 1048 1582 tellus

198 1639 397 1701 purpureum
412 1619 506 1680 viridi
521 1619 633 1698 genuit
647 1619 686 1680 de
701 1619 836 1700 caespite
850 1619 970 1693 florem,

199 1718 255 1798 qui
270 1717 357 1797 prius
373 1716 501 1778 Oebalio
516 1717 620 1778 fuerat
635 1717 674 1778 de
689 1717 818 1778 vulnere
834 1720 937 1777 natus.

200 1815 322 1878 Littera
336 1813 513 1877 communis
527 1814 639 1876 mediis
652 1833 812 1896 pueroque
827 1814 956 1894 viroque

199 1912 353 1994 inscripta
366 1914 414 1975 est
427 1912 523 1988 foliis,
540 1912 616 1976 haec
630 1911 779 1985 nominis,
797 1911 851 1972 illa
865 1911 1019 1992 querelae.

340 2180 388 2250 14.
416 2177 511 2239 ΤΗΕ
534 2176 728 2240 DEIFIOA
736 2177 785 2238 TI
786 2175 853 2239 ΟΝ
879 2175 940 2239 OF
967 2176 1156 2239 CAESAR.

588 2355 665 2401 uer.
684 2355 740 2401 xv.
761 2343 908 2403 746-860.

281 2499 394 2562 Caesar
407 2498 441 2560 in
455 2499 533 2562 urbe
547 2519 603 2562 sua
617 2500 694 2562 deus
709 2503 767 2574 est,
785 2519 877 2581 quem
891 2500 994 2563 Marte
1007 2502 1142 2578 togaque

199 2596 405 2678 praecipuum
419 2616 485 2659 non
498 2596 580 2659 bella
594 2597 694 2677 magis
708 2597 800 2658 finita
813 2595 995 2677 triumphis,

199 2713 310 2774 resque
323 2693 410 2756 domi
424 2697 528 2774 gestae
542 2698 769 2775 properataque
783 2694 883 2775 gloria
897 2713 1014 2767 rerum,

199 2789 235 2851 in
248 2790 335 2852 sidus
350 2794 469 2852 vertere
485 2810 601 2853 novum
617 2792 801 2871 stellamque
815 2792 1004 2863 comantem,

199 2907 294 2967 quam
309 2907 365 2949 sua
378 2887 552 2969 progenies.
596 2887 708 2968 Neque
722 2888 807 2949 enim
822 2888 861 2949 de
877 2886 1015 2949 Gesseris
1028 2886 1106 2947 actis

199 2985 303 3045 ullum
318 2984 420 3046 maius
434 3004 523 3064 opus,
540 3003 635 3064 quam
650 2986 735 3065 quod
749 2988 838 3065 pater
852 2984 975 3045 exstitit
989 2983 1094 3044 huius.

201 3081 328 3144 Scilicet
341 3097 510 3162 aequoreos
523 3081 595 3161 plus
608 3086 655 3144 est
669 3081 826 3143 domuisse
841 3081 1022 3154 Britannos,

199 3198 317 3259 perque
332 3167 504 3259 papyriferi
519 3179 703 3258 septemflua
716 3178 849 3239 flumina
863 3179 895 3239 N
896 3178 931 3238 ili

199 3276 344 3337 victrices
356 3276 455 3356 egisse
469 3279 561 3350 rates,
578 3276 795 3356 Numidasque
809 3276 938 3337 rebelles

201 3373 458 3454 Cinyphiumque
479 3373 592 3434 Iubam
615 3373 890 3453 Mithridateisque
904 3376 1082 3434 tumentem

200 3470 382 3532 nominibus
397 3470 537 3532 Pontum
551 3471 668 3551 populo
683 3470 829 3532 adiecisse
845 3469 981 3544 Quirini,

199 3572 232 3630 et
247 3568 363 3630 multos
377 3567 537 3643 meruisse,
554 3569 675 3648 aliquos
689 3568 786 3647 egisse
801 3568 990 3649 triumphos,

200 3684 295 3745 quarn
310 3668 438 3727 tantum
452 3665 596 3746 genuisse
610 3666 740 3727 virum?
782 3664 851 3739 Quo
865 3665 1006 3747 praeside
1021 3685 1126 3727 rerum

199 3763 341 3825 humano
354 3763 474 3843 generi,
492 3763 616 3844 Superi,
632 3763 755 3826 favistis
771 3763 906 3825 abunde.

281 3861 331 3923 Ne
345 3861 428 3923 foret
442 3861 494 3923 hic
509 3861 608 3942 igitur
621 3860 748 3923 mortali
762 3861 881 3922 semine
895 3863 1010 3933 cretus,

198 3958 254 4022 illc
268 3958 346 4022 deus
359 3958 525 4022 faciendus
538 3962 615 4022 erat.
660 3958 752 4034 Quod
766 3960 804 4018 ut
818 3977 911 4018 aurea
925 3955 1007 4017 vidit
