2964 4380
213 183 254 264 56
403 201 431 247 1.
457 200 571 247 ovrnrr
593 201 744 250 uasorrrs
765 202 928 250 casurus
950 204 1114 250 1111111..

208 352 278 427 Quo
291 353 374 414 feret
387 349 445 426 ira,
462 372 583 435 sequar.
628 353 719 415 Facti
733 355 865 416 fortasse
878 355 1014 437 pigebit:

247 453 280 512 et
293 451 382 531 piget
395 450 494 512 infido
508 451 700 514 consuluisse
714 452 791 514 viro.

208 549 334 613 Viderit
349 550 409 611 ista
423 550 510 624 deus,
528 549 582 630 qui
598 570 685 612 nunc
698 571 769 612 mea
782 554 910 631 pectora
922 555 1036 613 versat.

248 646 362 708 Nescio
376 645 454 729 quid
468 651 551 708 certe
565 666 655 708 mens
668 667 738 709 mea
751 647 854 709 maius
867 648 943 727 agit.

552 1016 581 1075 3.
620 1013 650 1074 A
688 1014 949 1114 PROPOSAL.

697 1190 757 1236 aar.
782 1191 807 1234 1.
831 1179 859 1236 3.

208 1333 297 1396 Iusta
309 1353 434 1415 precor:
456 1354 535 1416 qnae
549 1355 600 1397 me
614 1355 716 1416 nuper
730 1336 880 1417 praedata
893 1337 999 1417 puella
1012 1341 1071 1411 est,

247 1435 303 1494 aut
317 1436 412 1506 amet,
428 1436 485 1494 aut
498 1432 606 1505 iaciat,
620 1452 677 1494 cur
690 1452 748 1512 ego
762 1453 884 1513 semper
898 1453 1011 1495 amem.
1086 1453 1093 1467 ¹

206 1530 275 1592 Ah!
298 1529 433 1590 nimium
449 1529 547 1592 volui!
571 1534 698 1591 tantum
713 1530 856 1610 patiatur
869 1532 983 1592 amari:

246 1627 384 1689 audierit
397 1631 520 1689 nostras
534 1632 583 1689 tot
598 1627 754 1708 Cytherea
768 1648 883 1709 preces.

206 1724 335 1805 Accipe,
351 1745 408 1806 per
422 1726 531 1806 longos
545 1725 604 1786 tibi
619 1725 673 1805 qui
688 1725 843 1787 deserviat
855 1745 969 1787 annos:

246 1822 363 1904 accipe,
380 1822 435 1904 qui
449 1842 530 1904 pura
544 1822 630 1884 norit
642 1843 747 1884 amare
761 1823 834 1884 fide.

208 1919 241 1981 Si
256 1940 307 1981 me
321 1939 386 1980 non
400 1923 542 1981 veterum
557 1920 781 1981 commendant
795 1939 910 1998 magna
924 1923 1093 2000 parentum

246 2017 387 2091 nomina,
405 2015 431 2078 si
445 2017 545 2078 nostri
560 2017 723 2096 sanguinis
737 2020 847 2078 auctor
861 2037 965 2097 eques,

206 2134 265 2176 nec
279 2134 369 2176 meus
383 2114 559 2197 innumeris
573 2118 743 2176 renovatur
757 2133 887 2195 campus
901 2114 1024 2188 aratris,

246 2216 403 2293 temperat
415 2216 448 2274 et
462 2217 608 2292 sumptus
621 2232 734 2293 parcus
748 2216 881 2292 uterque
894 2232 1021 2292 parens:

205 2314 240 2372 at
255 2311 400 2372 Phoebus
413 2310 605 2391 comitesque
618 2329 732 2372 novem
747 2309 882 2391 vitisque
896 2313 1037 2390 repertor

246 2407 306 2470 hac
319 2408 458 2470 iaciunt:
480 2411 514 2470 at
528 2428 578 2469 1111
593 2406 647 2489 qui
663 2407 721 2468 tibi
737 2407 846 2481 donat,
862 2407 977 2469 Amor:

205 2509 238 2567 et
253 2507 334 2567 nulli
349 2525 472 2568 cessura
486 2506 573 2580 fides,
590 2505 657 2566 sine
671 2504 804 2566 crimine
818 2525 930 2580 mores,

245 2605 396 2685 nudaque
410 2603 605 2685 simplicitas,
622 2623 862 2684 purpureusque
875 2603 988 2683 pudor.
1084 2633 1087 2639 Δ

205 2701 281 2763 Non
295 2701 375 2762 mihi
390 2701 477 2763 mille
491 2701 632 2782 placent:
654 2720 719 2761 non
734 2719 804 2760 sum
819 2700 960 2761 desultor
973 2699 1111 2762 Amoris.

246 2798 296 2859 Tu
312 2797 404 2873 mihi,
421 2798 511 2879 siqua
524 2797 611 2871 fides,
628 2817 704 2859 cura
717 2797 865 2878 perennis
879 2796 948 2859 1111.

206 2895 337 2969 Tecum,
355 2915 433 2976 quos
446 2893 594 2956 dederint
607 2913 707 2956 annos
721 2893 801 2954 mihi
816 2893 869 2954 fila
882 2914 1035 2968 sororum,

211 2985 212 2988 ¹
245 2993 350 3054 vivere
364 2991 539 3071 contingat,
557 2994 650 3071 teque
664 2990 791 3052 dolente
806 2991 895 3053 mori.

205 3090 251 3152 Te
265 3089 346 3150 mihi
360 3088 523 3150 materiem
537 3081 662 3149 felicem
677 3087 711 3148 in
726 3087 866 3149 carmina
879 3089 1007 3169 praebe:

245 3186 433 3266 provenient
446 3205 539 3248 causa
553 3185 693 3245 carmina
707 3184 804 3264 digna
819 3205 883 3246 sua.

206 3284 354 3345 Carmine
367 3303 484 3344 nomen
497 3282 616 3344 habent
630 3282 779 3343 exterrita
793 3283 941 3344 cornibus
954 3282 1001 3356 Io,

245 3384 278 3442 et
292 3401 388 3462 quam
402 3380 554 3441 fluminea
566 3380 644 3441 lusit
658 3380 783 3441 adulter
796 3400 863 3454 ave,

206 3479 366 3560 Quaeque,
383 3498 476 3559 super
490 3482 626 3559 pontum
642 3477 791 3539 simulato
807 3481 895 3540 vecta
908 3477 1052 3552 iuvenco,

244 3576 387 3657 virginea
401 3578 506 3638 tenuit
520 3595 638 3638 cornua
653 3595 726 3636 vara
740 3595 847 3636 manu.

205 3675 272 3737 Nos
287 3694 412 3756 quoque
426 3693 482 3756 per
496 3677 601 3735 totum
615 3673 734 3754 pariter
747 3673 947 3735 cantabimur
961 3673 1079 3746 orbem,

245 3773 417 3856 iunctaque
431 3790 554 3853 semper
566 3774 662 3834 crunt
676 3770 806 3832 nomina
820 3767 927 3832 nostra
941 3769 1014 3831 tuis.
