2964 4380
190 224 232 288 70
383 222 410 266 P.
436 221 551 267 OVIDII
573 219 723 268 NASONIS
745 218 908 266 OARMINA
929 219 1084 268 enuncia,

187 371 304 447 Fallor,
320 391 363 433 an
377 371 537 453 incipiunt
551 371 699 451 gravidae
713 389 877 432 vanescere
891 371 1000 446 nubes,

226 469 371 550 victaque
385 468 501 531 mutati
516 467 677 548 frangitur
690 467 738 530 ire
751 467 870 529 maris?

187 567 262 628 Nou
276 587 375 641 casus,
392 568 446 629 sed
460 585 514 628 vos
528 566 587 628 sub
601 565 786 628 condicione
800 565 901 627 vocati

226 665 336 728 fallere
351 684 429 746 quos
443 684 508 760 npn
522 666 580 739 est,
597 663 680 726 hanc
694 662 775 725 mihi
789 661 882 725 fertis
895 681 997 744 opem.

317 986 365 1047 13.
409 984 564 1050 οπως
589 985 712 1048 naar
735 984 893 1047 araur
917 937 985 1046 ir
1008 983 1149 1048 seua.

629 1181 735 1226 rursr.
759 1182 782 1226 1.
801 1169 831 1226 3.

188 1342 271 1405 Oum
285 1342 371 1404 subit
384 1342 471 1404 illius
485 1342 665 1404 tristissima
679 1341 781 1404 noctis
796 1341 910 1423 image,

227 1461 289 1522 qua
303 1440 382 1501 mihi
397 1460 580 1520 supremum
595 1444 721 1520 tempus
735 1439 769 1501 in
784 1440 861 1502 urbe
875 1440 951 1514 fuit,

186 1558 259 1600 cum
274 1542 381 1619 repeto
396 1541 531 1612 noctem,
549 1557 612 1618 qua
625 1541 674 1599 tot
688 1537 767 1598 mihi
782 1557 854 1599 cara
868 1538 992 1619 reliqui,

226 1635 345 1697 labitur
359 1656 397 1698 ex
411 1636 511 1698 oculis
525 1655 611 1697 nunc
625 1655 751 1716 quoque
765 1639 858 1714 gutta
872 1635 959 1698 meis.

187 1734 256 1795 Iam
270 1754 367 1814 prope
381 1734 437 1794 lux
451 1735 569 1808 aderat,
587 1753 649 1814 qua
663 1754 713 1794 me
727 1733 885 1795 discedere
901 1733 1013 1797 ansar

227 1831 344 1892 finibus
358 1835 514 1894 extremae
528 1831 661 1893 iusserat
674 1831 842 1894 Ausoniae.

156 1971 160 1980 ·
187 1929 255 1991 Neo
269 1929 407 2010 spatium
421 1930 527 1991 iuerat
540 1949 598 1992 nec
612 1949 702 1990 mons
715 1928 790 1991 satis
804 1933 878 2009 apta
894 1929 1041 2009 parandi:

227 2031 414 2110 torpuerant
427 2030 522 2108 longa
535 2030 664 2109 pectora
677 2030 785 2089 nostra
798 2046 896 2087 mora.

188 2126 263 2188 Non
277 2126 357 2187 mihi
372 2146 543 2200 servorum,
560 2125 690 2187 comites
704 2145 769 2186 non
783 2144 859 2185 cura
873 2123 1009 2203 legendi,

228 2243 293 2285 non
306 2227 397 2304 aptae
411 2226 547 2304 profugo
555 2223 655 2285 ‘vestis
669 2223 774 2303 opisve
787 2222 862 2283 fuit.

188 2320 263 2382 Non
277 2321 369 2382 aliter
382 2320 502 2401 stupui,
519 2341 614 2401 quam
629 2320 685 2400 qui
699 2319 783 2381 Iovis
796 2319 924 2399 ignibus
937 2319 1020 2380 ictus

228 2418 307 2480 vivit
321 2421 353 2480 et
366 2422 413 2480 est
427 2408 510 2480 vitae
524 2418 647 2480 nescius
661 2417 727 2497 ipse
741 2437 823 2478 suae.

188 2517 236 2578 Ut
249 2520 356 2578 tamen
370 2515 452 2577 hanc
466 2515 564 2577 animi
579 2515 696 2576 nubem
710 2514 801 2575 dolor
814 2514 880 2594 ipse
894 2507 1028 2574 removit

228 2617 260 2675 et
274 2614 403 2675 tandem
418 2633 526 2675 sensus
540 2613 726 2674 convaluere
740 2612 814 2685 mei,

187 2711 340 2791 adloquor
354 2714 531 2772 extremum
546 2713 679 2772 maestos
693 2709 836 2770 abiturus
850 2708 976 2781 amicos,

229 2807 283 2888 qui
298 2809 392 2870 modo
406 2809 444 2869 de
458 2808 569 2869 multis
583 2828 667 2868 unus
681 2810 714 2868 et
728 2807 807 2868 alter
820 2809 920 2867 erant.

188 2906 279 2968 Uxor
292 2926 401 2967 amans
414 2906 542 2967 flentem
557 2905 634 2967 flens
647 2905 750 2966 acrius
764 2905 833 2984 ipsa
846 2902 984 2976 tenebat,

161 3033 163 3037 ⁴
228 3003 328 3065 imbra
342 3023 399 3083 per
413 3003 560 3083 indignas
574 3023 673 3083 usque
687 3004 819 3063 cadente
832 3020 936 3080 genas.

188 3101 274 3162 Nata
286 3101 397 3180 procul
412 3100 537 3181 Libycis
550 3101 659 3162 aberat
673 3100 794 3161 diverse
808 3098 866 3159 sub
881 3097 943 3158 oris

229 3218 286 3259 nec
300 3201 424 3278 poterat
437 3197 497 3259 fati
511 3197 625 3259 certior
639 3216 703 3258 esse
719 3196 791 3257 mei.
816 3219 819 3225 ’

189 3296 395 3375 Quocumque
408 3295 592 3375 adspiceres,
609 3295 715 3355 luctus
728 3291 928 3373 gemitusque
942 3291 1096 3353 sonabant

229 3394 392 3473 formaque
408 3413 472 3454 non
486 3393 575 3454 taciti
588 3392 711 3454 funeris
725 3391 903 3451 inluserat.

189 3490 323 3552 Femina
336 3491 445 3571 virque
459 3510 539 3565 meo,
556 3489 647 3570 pueri
662 3508 786 3570 quoque
800 3488 912 3549 lunera
926 3489 1077 3562 maerent,

229 3589 325 3668 inque
339 3589 433 3650 domo
447 3589 591 3651 lacrimas
605 3587 741 3666 angulus
755 3586 858 3648 omnis
871 3585 976 3647 habet.

190 3686 224 3749 Si
237 3687 313 3748 licet
325 3687 476 3768 exemplis
490 3686 524 3746 in
538 3686 642 3767 parvis
655 3685 829 3765 grandibus
843 3683 904 3757 uti,

229 3784 306 3846 haec
319 3784 415 3846 iacies
430 3783 551 3857 Troiae,
568 3804 642 3846 cum
657 3785 832 3863 caperetur,
849 3782 926 3842 erat.

190 3883 320 3962 Iamque
336 3882 535 3962 quiescebant
549 3901 638 3944 voces
651 3879 881 3960 hominumque
895 3896 1082 3958 canumque,

231 3981 383 4060 Lunaque
398 3983 569 4042 nocturnos
583 3980 646 4041 alta
660 3977 787 4058 regebat
801 3996 906 4057 equos.

1226 668 1285 726 110
