2964 4380
514 194 697 242 DAEDALUS
719 195 794 242 ΛΝΒ
816 197 954 244 Icauna.

177 346 273 424 atque
289 343 335 406 ita
349 343 537 426 compositas
551 365 647 426 parvo
662 347 844 408 curvamine
859 348 969 422 flectit,

176 446 215 502 ut
230 462 315 504 veras
329 443 474 504 imitetur
489 463 568 505 aves
615 444 698 505 Puer
713 445 820 506 Icarus
836 466 900 508 una

177 541 280 601 stabat
295 543 336 614 et,
355 539 485 620 ignarus
500 560 556 601 sua
570 561 601 602 se
616 545 750 603 tractare
765 543 892 623 pericla,

177 659 230 700 ore
245 637 404 699 renidenti
420 638 524 711 modo,
542 657 618 718 quas
634 659 712 718 vega
726 644 868 700 moverat
881 660 968 714 aura,

178 737 324 816 captabat
339 735 474 816 plumas,
492 735 604 796 flavam
618 736 712 797 modo
728 736 840 817 pollice
855 757 960 798 ceram

178 833 322 894 mollibat
337 834 473 913 lusuque
487 852 543 893 suo
558 832 701 894 mirabile
716 833 815 913 patris

177 931 369 1011 impediebat
384 951 472 1010 opus.
519 931 690 1012 Postquam
706 951 820 992 manus
834 932 948 994 ultima
961 932 1081 1012 coeptis

178 1028 325 1109 imposita
339 1032 397 1102 est,
414 1028 555 1108 geminas
570 1029 677 1109 opifex
691 1028 819 1090 libravit
833 1030 867 1090 in
882 1028 946 1090 aias

177 1126 244 1207 ipse
258 1146 352 1187 suum
367 1146 480 1206 corpus
494 1124 642 1207 motaque
657 1127 810 1207 pependit
824 1127 858 1187 in
873 1147 958 1188 aura.

260 1224 396 1284 Instruit
410 1228 442 1284 et
456 1228 568 1284 natum
586 1223 731 1285 ‘Medio’
749 1244 810 1304 que
827 1224 884 1284 ‘ut
897 1225 1000 1287 limite
1014 1244 1132 1298 curras,

178 1321 290 1395 Ioare,’
308 1321 353 1381 ait
370 1321 512 1395 ‘moneo,
529 1341 579 1394 ne,
598 1320 622 1381 si
638 1321 801 1382 demissior
815 1321 885 1395 ibis,
961 1377 964 1383 .

178 1420 265 1479 unda
280 1422 388 1498 gravet
402 1438 532 1499 pennae,
550 1418 576 1478 si
591 1418 711 1492 celsior,
729 1419 813 1498 ignis
827 1419 949 1480 adurat.

164 1515 165 1520 ’
178 1516 268 1577 Inter
280 1503 455 1596 'utrumqne
469 1516 548 1577 vola.
594 1517 661 1577 Neo
676 1521 707 1577 te
722 1521 861 1596 spectare
877 1517 998 1579 Booten

178 1619 234 1674 aut
250 1613 383 1674 Helicen
398 1613 489 1674 iubeo
504 1612 713 1693 strictumque
726 1613 852 1674 Orionis
866 1633 986 1675 ensem:

178 1731 229 1772 me
243 1712 324 1772 duce
339 1731 431 1790 carpe
447 1709 555 1772 viam)
599 1711 721 1772 Pariter
734 1716 902 1792 praecepta
917 1711 1042 1772 volandi

178 1809 277 1870 tradit
292 1812 324 1868 et
338 1808 462 1887 ignotas
476 1807 593 1868 umeris
610 1809 826 1869 accommodat
840 1809 914 1870 alas.

260 1905 349 1966 Inter
364 1926 442 1986 opus
456 1905 658 1986 monitusque
673 1926 770 1985 genae
782 1907 931 1967 maduere
946 1905 1059 1968 seniles
1218 1910 1278 1968 210

177 2007 210 2064 et
224 2003 344 2084 patriae
359 2005 515 2063 tremuere
530 2022 652 2062 manus.
698 2002 796 2063 Dedit
810 2002 916 2063 oscula
930 2006 1005 2064 nato

177 2121 244 2162 non
259 2100 374 2162 iterum
390 2101 562 2180 repetenda
575 2120 641 2173 suc,
658 2099 834 2181 pennisque
848 2100 970 2161 levatus

177 2202 252 2259 ante
267 2199 352 2260 volat
367 2198 538 2278 comitique
554 2197 657 2271 timet,
675 2199 762 2259 velut
776 2198 849 2271 ales,
867 2199 905 2259 ab
920 2199 984 2259 alto

179 2316 259 2376 quae
275 2300 415 2358 teneram
429 2297 550 2376 prolem
564 2295 716 2376 produxit
735 2295 769 2356 in
784 2302 856 2358 abra
869 2296 956 2369 nido,

178 2395 388 2474 hortaturque
403 2393 492 2475 sequi
507 2394 733 2473 damnosasque
748 2393 855 2454 erudit
868 2396 952 2454 artes

178 2495 211 2552 et
225 2495 331 2552 movet
345 2491 411 2571 ipse
426 2510 497 2551 suas
511 2495 543 2552 et
557 2489 624 2551 nati
639 2490 767 2571 respicit
781 2490 854 2550 alas.

261 2589 329 2650 Hos
342 2588 456 2669 aliquis
470 2589 606 2649 tremula
620 2588 698 2648 dum
713 2591 820 2668 captat
833 2587 1014 2648 harundine
1027 2587 1138 2667 pisces,

178 2689 236 2747 aut
250 2690 357 2767 pastor.
369 2686 481 2747 baculo
496 2685 614 2746 stivave
632 2683 761 2745 innixus
775 2688 879 2746 arator

179 2785 272 2858 vidit,
289 2788 321 2846 et
335 2783 499 2865 obstipuit,
517 2783 633 2864 quique
647 2783 774 2844 aethera
788 2803 914 2863 carpere
928 2786 1055 2862 possent

179 2882 316 2942 credidit
330 2901 394 2942 esse
409 2881 492 2942 deos.
536 2880 580 2940 Et
595 2879 657 2940 iam
673 2879 809 2941 Iunonia
823 2880 911 2941 laeva

179 2982 269 3058 parte
285 2978 393 3040 Sarnos
410 2977 552 3058 (fuerant
567 2976 724 3057 Delosque
740 2978 897 3056 Parosque
912 2975 1065 3056 relictae),

179 3077 292 3138 dextra
306 3075 484 3136 Lebinthus
498 3077 565 3136 erat
578 3075 778 3155 fecundaque
793 3075 886 3135 melle
902 3074 1063 3152 Calymne,

179 3193 254 3234 cum
268 3193 348 3253 puer
362 3172 474 3233 audaci
488 3171 592 3252 coepit
605 3172 743 3252 gaudere
758 3173 865 3233 volatu

179 3270 381 3351 deseruitque
396 3271 509 3330 ducem
524 3269 663 3350 caelique
677 3270 828 3350 cupidine
842 3271 963 3330 tractus

178 3367 275 3429 altius
290 3366 355 3446 egit
369 3367 439 3428 iter.
484 3366 600 3447 Rapidi
615 3367 731 3428 vicinia
745 3367 818 3428 solis

179 3465 284 3526 mollit
299 3465 453 3538 odoratas,
470 3484 647 3544 pennarum
665 3465 802 3538 vincula,
820 3484 914 3526 ceras.

179 3563 363 3623 Tabuerant
377 3581 478 3623 cerac:
501 3563 603 3623 nudos
618 3561 721 3642 quatit
736 3561 789 3622 ille
804 3562 935 3623 lacertos

179 3659 373 3740 remigioque
388 3679 496 3721 carens
510 3679 574 3720 non
589 3659 669 3720 ullas
684 3658 819 3739 percipit
833 3679 934 3733 auras,

178 3765 295 3839 o'raque
310 3759 452 3820 caerulea
465 3758 605 3839 patrium
620 3757 790 3820 clamantia
806 3777 922 3818 nomen

178 3857 384 3940 excipiuntur
398 3877 479 3938 aqua
495 3880 502 3918 ε
525 3877 603 3939 quae
617 3875 733 3918 nomen
748 3856 847 3917 traxit
861 3856 900 3915 ab
914 3854 978 3917 illo.
1221 3856 1279 3912 230

260 3958 307 4019 At
321 3959 411 4038 pater
425 3956 548 4030 infelix,
565 3975 623 4018 neo
637 3955 700 4017 iam
716 3957 816 4035 pater,
836 3952 967 4023 ‘Icare,’
985 3949 1076 4020 dixit,
