2964 4380
504 197 608 243 OERES
630 197 706 243 AND
729 198 955 247 suessanus.

183 350 387 430 rorantesque
401 366 505 410 comas
518 367 537 409 1
550 348 657 410 fronte
671 349 806 412 removit
820 351 860 412 ad
874 370 965 413 aures

182 450 277 526 atque
291 445 351 508 ait:
376 444 422 506 ‘0
437 447 505 506 toto
520 445 678 525 quaesitae
692 447 825 527 virginis
838 448 913 510 orbe

183 549 216 605 et
230 545 362 624 frugum
376 542 531 623 genetrix,
548 543 708 606 inmensos
722 545 796 607 siste
811 546 942 620 labores,

183 661 262 703 neve
277 641 335 702 tibi
350 642 430 702 fidae
444 641 582 702 violenta
595 641 726 704 irascere
740 645 852 704 terrae.

183 739 281 801 Terra
295 739 375 800 nihil
391 739 508 800 meruit
524 740 691 821 patuitque
705 740 807 801 111111
820 740 957 820 rapinae.

183 837 250 898 Nec
265 857 335 897 sum
349 857 407 917 pro
421 837 524 917 patria
538 838 686 918 supplex:
708 838 772 899 huc
786 827 1013 918 hospita'veni3

183 933 256 994 Pisa
270 934 348 994 mihi
364 935 467 1014 patria
482 938 529 996 est
542 939 575 996 11
589 935 627 996 ab
642 934 736 996 Elide
750 935 897 997 ducimus
911 940 1014 1010 ortus3

183 1030 341 1093 Sicaniam
355 1032 521 1112 peregrina
535 1033 614 1106 colo,
632 1033 683 1093 sed
699 1032 820 1112 gratior
834 1032 921 1093 omni

182 1128 258 1190 haec
272 1128 352 1190 mihi
367 1132 451 1190 terra
464 1130 529 1190 solo
543 1133 604 1190 est:
626 1129 684 1190 hos
698 1149 785 1190 nunc
799 1130 960 1191 Arethusa
973 1131 1112 1210 penates,

181 1226 265 1288 hanc
278 1227 377 1288 habeo
392 1227 511 1288 sedem:
534 1247 627 1308 quam
642 1230 691 1300 tu,
708 1227 886 1301 mitissima,
904 1247 1000 1290 11111.

265 1324 373 1387 ‘Mota
385 1325 454 1386 1111
468 1344 525 1385 111
538 1324 598 1386 sim
612 1325 757 1406 tantique
774 1345 830 1406 per
844 1325 987 1407 aequoris
1000 1325 1102 1390 undas
1137 1378 1139 1382 ,

181 1422 319 1484 advehar
334 1422 510 1502 Ortygiam,
527 1422 633 1484 111111
649 1423 830 1485 1111111111
843 1424 922 1486 hora

182 1519 369 1601 tempestiva
383 1519 472 1593 meis,
489 1539 563 1582 oum
578 1523 613 1580 tu
628 1539 766 1600 curaque
780 1521 884 1583 levata

181 1621 214 1680 11
228 1617 337 1679 vultus
350 1616 488 1679 melioris
501 1617 572 1678 eris.
617 1617 700 1678 Mihi
715 1618 822 1697 pervia
836 1618 931 1680 tellus

181 1717 311 1796 praebet
324 1715 395 1789 iter,
412 1715 580 1795 subterque
594 1714 673 1776 imas
687 1716 792 1777 ablata
805 1736 953 1780 cavernas

181 1813 234 1874 hic
248 1817 346 1893 caput
359 1813 470 1875 attollo
485 1813 673 1893 desuetaque
688 1812 790 1874 sidera
804 1834 909 1876 cerno.

182 1911 268 1991 Ergo
283 1911 361 1971 dum
376 1910 485 1990 Stygio
500 1910 558 1971 sub
572 1910 664 1971 terris
678 1911 805 1990 gurgite
818 1911 917 1984 labor,

181 2008 248 2070 visa
261 2012 318 2069 tua
331 2012 378 2069 est
392 2007 492 2069 oculis
506 2006 572 2068 illic
587 2007 774 2088 Proserpina
789 2009 919 2070 nostris:

181 2105 237 2167 illa
252 2105 380 2186 quidem
395 2105 495 2166 tristis
509 2124 610 2185 neque
624 2105 729 2166 adhuc
743 2105 890 2168 interrita
904 2106 1008 2181 vultu,

181 2204 236 2265 sed
250 2203 360 2283 regina
374 2207 492 2277 tamen,
510 2203 563 2264 sed
578 2203 666 2283 opaci
681 2203 820 2266 maxima
834 2204 959 2277 mundi,

181 2301 236 2363 sed
250 2303 356 2362 tamen
371 2301 490 2362 inferni
504 2300 626 2382 pollens
640 2305 786 2362 matrona
800 2301 952 2380 tyranni.’

263 2397 365 2458 Mater
379 2399 418 2460 ad
433 2397 557 2459 auditas
571 2397 696 2478 stupuit
710 2417 766 2459 eeu
783 2417 875 2460 saxea
889 2417 979 2459 voces

181 2495 397 2575 attonitaeque
412 2495 467 2555 diu
483 2495 594 2556 similis
608 2494 683 2555 1111.
727 2495 836 2575 thue
851 2495 958 2557 dolore

181 2592 273 2672 pulsa
286 2591 374 2672 gravi
389 2592 493 2670 gravis
506 2595 553 2652 est
567 2592 716 2665 amentia,
732 2593 878 2653 curribus
892 2611 961 2654 1111

180 2689 248 2751 exit
262 2689 294 2750 in
310 2689 474 2751 aetherias.
520 2689 570 2751 Ibi
584 2693 652 2752 toto
666 2689 777 2751 nubila
791 2691 882 2751 vultu

181 2791 255 2848 anta
270 2786 377 2848 lovem
391 2786 489 2866 passis
503 2786 592 2848 stetit
606 2786 762 2848 invidiosa
776 2785 899 2866 capillis

184 2883 192 2912 ‘
206 2884 268 2944 Pro
280 2884 288 2913 ’
306 2904 366 2964 que
382 2883 472 2946 ‘meo
486 2884 559 2944 veui
573 2885 706 2964 supplex
721 2884 792 2958 tibi,
809 2883 976 2964 Iuppiter’
992 2883 1109 2964 inquit,

183 2979 357 3060 ‘sanguine
372 3000 491 3061 proque
505 2984 571 3042 tuo.
617 2981 650 3042 Si
665 2982 754 3042 nulla
768 2984 815 3042 est
828 2980 931 3060 gratia
944 2981 1065 3055 matris,

182 3081 257 3139 nata
271 3082 393 3158 patrem
407 3081 542 3151 moveat,
560 3098 622 3139 neu
637 3078 678 3139 sit
692 3078 752 3140 tibi
766 3097 852 3152 cura,
869 3097 1045 3158 precamur,

181 3175 274 3237 vilior
288 3175 383 3249 illius,
402 3177 486 3256 quod
501 3178 609 3236 nostro
623 3180 670 3237 est
685 3176 771 3237 edita
784 3179 889 3256 partu.

182 3273 235 3334 En
250 3273 389 3353 quaesita
403 3273 459 3333 diu
474 3273 605 3336 tandem
619 3273 699 3334 mihi
714 3276 790 3334 nata
804 3276 929 3352 reperta
943 3276 1000 3347 111,

181 3370 207 3432 11
222 3370 359 3449 reperire
373 3389 463 3432 vocas
477 3371 622 3432 amittere
641 3370 767 3444 certius,
784 3373 841 3431 aut
855 3371 881 3430 11

181 3467 270 3540 scire,
288 3467 343 3528 ubi
357 3467 410 3541 sit,
427 3467 563 3548 reperire
576 3487 676 3529 vocas.
722 3466 813 3541 Quod
833 3470 933 3547 rapta,
950 3468 1098 3540 feremus,

181 3564 355 3626 dummodo
369 3565 481 3626 reddat
495 3584 579 3626 eam:
601 3584 702 3644 neque
717 3562 803 3626 enim
818 3565 974 3644 praedone
989 3563 1104 3625 marito

180 3662 247 3723 filia
261 3662 359 3742 digna
373 3665 430 3725 tua
444 3666 501 3737 est,
518 3663 544 3724 si
559 3662 621 3724 iam
635 3682 705 3724 mea
719 3663 785 3724 filia
798 3681 864 3723 non
878 3662 950 3724 est'

263 3760 409 3840 Iuppiter
423 3760 560 3840 excepit:
585 3760 780 3822 ‘Commune
795 3763 843 3821 est
857 3760 975 3840 pignus
988 3776 1129 3839 onusque

181 3860 257 3918 nata
271 3857 351 3918 milri
366 3861 484 3919 tecum.
528 3857 587 3919 Sed
604 3858 629 3919 11
645 3858 738 3919 modo
753 3857 882 3918 nomina
896 3855 989 3916 rebus

182 3955 297 4016 addere
311 3974 384 4016 vera
397 3956 511 4034 placet,
529 3974 593 4016 non
608 3953 668 4015 hoc
684 3953 800 4014 iniuria
815 3953 948 4022 lactum,
