2964 4380
208 184 250 259 48
407 202 435 246 P.
461 200 575 246 0V1n11
598 199 748 247 NASONIS
771 200 934 246 calamna
956 203 1111 249 sunnon.

211 350 353 431 Argolici
367 351 487 414 rediere
501 353 607 427 duces,
623 351 735 414 altaria
749 351 889 428 fumant,

252 449 382 530 ponitur
396 451 437 511 ad
451 449 570 530 patrios
586 450 716 511 barbara
729 451 847 530 praeda
861 452 944 514 deos.

212 547 310 610 Grata
323 549 434 610 ferunt
447 548 605 628 nymphae
620 569 677 629 pro
692 549 786 611 salvis
799 551 884 611 dena
897 551 1033 613 maritis:

252 646 300 707 illi
313 646 398 708 vieta
411 645 476 708 suis
490 646 604 708 Troica
616 647 684 708 tata
699 652 829 710 eanunt.

211 743 371 806 Mirantur
385 744 523 825 iustique
536 764 624 806 senes
638 745 842 826 trepidaeque
856 746 994 826 puellae:

250 842 408 904 narrantis
422 842 562 904 coniunx
576 843 694 924 pendet
707 843 746 904 ab
761 862 813 905 ore
828 843 897 905 viri.

210 940 341 1021 Iamque
355 940 468 1021 aliquis
482 939 584 1021 posita
598 944 754 1002 monstrat
767 941 835 1002 fera
849 941 968 1021 proelia
980 960 1088 1002 mensa

250 1038 356 1118 pingit
370 1041 402 1099 et
416 1037 530 1115 exigue
545 1038 698 1117 Pergama
711 1041 779 1099 teta
792 1059 893 1099 mero:

212 1136 302 1197 ‘Hae
316 1136 383 1196 ibat
398 1135 522 1209 Simois,
540 1136 617 1196 haee
631 1140 678 1197 est
694 1135 799 1216 Sigeia
813 1137 918 1210 tellus,

250 1233 302 1294 hie
317 1236 447 1294 steterat
462 1233 579 1294 Priami
596 1233 680 1313 regia
694 1234 776 1294 eelsa
790 1234 887 1296 senis:

210 1329 276 1392 illie
290 1330 452 1401 Aeacides,
469 1330 535 1392 illie
550 1332 699 1392 tendebat
713 1331 834 1405 Ulixes,

250 1428 302 1490 hie
317 1429 399 1489 laeer
412 1428 563 1489 admissos
578 1429 693 1489 terruit
708 1428 828 1490 Heeter
842 1429 963 1509 equos.’

211 1525 329 1588 Omnia
341 1546 478 1606 namque
492 1529 548 1587 tuo
563 1525 675 1604 senior,
693 1528 724 1586 te
739 1545 886 1605 quaerere
900 1527 1005 1601 misso,

252 1624 418 1685 rettulerat
431 1627 527 1703 gnato
542 1623 668 1697 Nestor,
686 1623 786 1684 atille
801 1623 890 1684 mihi.
1027 1691 1036 1710 ἢ

212 1721 350 1784 Rettulit
363 1729 396 1783 et
409 1722 493 1783 ferro
508 1721 710 1802 Rhesumque
726 1721 912 1801 Dolonaque
926 1741 1038 1794 eaesos,

251 1823 350 1900 utque
364 1819 407 1880 sit
420 1819 473 1880 hie
488 1839 597 1881 somno
611 1819 769 1900 proditus,
785 1818 839 1880 ille
853 1819 937 1880 dolo.

211 1917 318 1978 Ausus
332 1937 374 1990 es,
392 1937 410 1978 ο
424 1916 561 1977 nimium
575 1917 775 1997 nimiumque
789 1915 885 1978 oblite
900 1919 1039 1992 tuorum,

252 2015 388 2076 Thracia
401 2018 559 2076 nocturne
574 2017 702 2094 tangere
717 2018 819 2074 eastra
832 2014 905 2075 delo

211 2114 322 2193 totque
337 2111 431 2172 simul
443 2107 583 2173 mactare
597 2111 691 2185 viros,
707 2111 837 2172 adiutus
851 2111 890 2172 ab
904 2114 984 2174 une!
1088 2145 1094 2154 .

252 2209 297 2270 At
311 2210 390 2271 bene
404 2213 516 2271 cautus
530 2230 597 2271 eras
610 2213 643 2271 et
657 2212 864 2270 memorante
879 2208 950 2271 mei.

211 2307 320 2387 Usque
335 2305 422 2368 metu
437 2307 574 2368 micuere
589 2306 687 2380 sinus,
703 2307 781 2366 dum
797 2304 898 2367 vietor
911 2306 1049 2367 amieum

252 2404 357 2465 dietus
371 2424 403 2465 es
417 2404 557 2465 Ismariis
570 2404 629 2465 isse
643 2423 699 2484 per
713 2423 827 2482 agmen
841 2403 938 2483 equis.

213 2501 273 2563 Sed
290 2501 368 2562 mihi
384 2501 460 2582 quid
475 2502 603 2580 prodest
617 2500 728 2562 restris
742 2499 873 2560 disiecta
886 2499 1014 2560 laeertis

252 2599 338 2673 Ilios,
355 2602 387 2660 et
401 2619 512 2660 murus
526 2598 610 2679 quod
624 2597 700 2672 tuit,
718 2616 783 2658 esse
797 2596 910 2670 solum,

211 2697 238 2758 si
253 2716 363 2758 manee
379 2696 479 2777 qualis
494 2696 589 2757 Troia
603 2695 739 2756 durante
753 2694 930 2768 manebam,

253 2794 361 2874 virque
376 2793 456 2854 mihi
470 2794 600 2873 dempto
615 2793 678 2854 fine
692 2793 847 2853 carendus
860 2792 973 2852 abest?

215 2891 348 2973 [Diruta
362 2895 438 2952 sunt
452 2891 532 2964 aliis,
550 2890 607 2951 uni
623 2890 704 2951 milri
720 2890 873 2969 Pergama
887 2892 1018 2962 restant,

251 2989 355 3050 ineela
369 2988 493 3070 captivo
508 3008 587 3069 quae
600 2988 678 3049 bove
692 2987 793 3049 vietor
807 2983 905 3066 arat3]

212 3087 274 3149 iam
289 3106 374 3166 seges
388 3089 445 3161 est,
462 3085 517 3147 ubi
533 3085 627 3146 Troia
640 3084 716 3158 luit,
732 3084 961 3164 reeeeandaqne
976 3084 1056 3144 salue

251 3183 393 3244 luxuriat
408 3182 547 3263 Phrygio
562 3181 715 3262 sanguine
729 3181 859 3261 pinguis
872 3180 1005 3256 humus3

126 3265 133 3282 Χ
211 3281 412 3362 semisepulta
425 3280 530 3341 virum
544 3279 649 3341 eurvis
662 3279 824 3340 feriuntur
837 3278 950 3339 aratris

252 3399 329 3452 essa,
347 3377 489 3438 ruinosas
503 3376 620 3438 oeculit
633 3376 730 3438 herba
744 3377 903 3437 domos-

211 3476 313 3538 vietor
327 3475 409 3549 abes,
427 3495 484 3536 nee
498 3475 575 3536 seire
590 3474 680 3548 mihi,
698 3493 777 3554 quae
791 3493 885 3534 eausa
898 3471 1053 3545 morandi,

252 3577 309 3636 aut
323 3573 357 3634 in
372 3593 433 3653 que
447 3573 544 3634 lateas
558 3573 680 3634 ferreus
694 3572 778 3646 erbe,
795 3571 879 3633 lieet.

214 3671 361 3751 Quisquis
375 3671 415 3732 ad
431 3670 506 3731 haee
520 3669 617 3731 vertit
630 3669 829 3750 peregrinam
844 3668 939 3730 litora
952 3667 1098 3748 puppim,

254 3768 307 3830 ille
321 3767 401 3828 mihi
415 3769 454 3829 de
469 3771 500 3830 te
515 3768 617 3828 multa
631 3770 764 3846 rogatus
773 3766 854 3828 abit:

202 3858 371 3949 ¹quamque
386 3865 445 3928 tibi
459 3867 582 3939 reddat,
599 3865 624 3927 si
639 3868 671 3926 te
686 3865 779 3926 medo
794 3862 909 3926 viderit
923 3881 1067 3942 usquam,

254 3965 394 4028 traditur
408 3965 484 4027 huie
498 3963 608 4045 digitis
622 3963 732 4026 eharta
746 3965 856 4025 notata
869 3960 955 4023 meis.
