2964 4380
203 225 241 291 14
400 225 428 270 Ρ.
453 223 567 270 OVIDII
590 224 741 272 NASONIS
763 225 925 273 OARMINA
948 227 1103 272 subscus.

202 395 275 439 rure
289 393 397 453 senex3
420 375 553 438 Battum
569 375 684 439 vicinia
698 381 766 439 tota
779 378 942 440 vocabant.

202 473 320 536 Divitis
332 473 386 536 hic
401 475 498 536 saltus
512 474 705 557 herbosaque
719 495 835 557 pascua
847 476 940 538 Nelei

201 570 419 653 nobiliumque
433 593 542 653 greges
556 578 661 638 custos
677 575 820 636 servabat
834 595 998 656 equarum.

201 671 300 732 Hunc
316 670 425 732 timuit
440 671 616 753 blandaque
630 693 728 734 manu
743 672 869 734 seduxit
884 675 917 734 11
930 672 978 733 illi

203 767 372 849 ‘Quisquis
386 789 428 842 es,
445 769 582 850 hospes,’
598 770 644 831 ait
660 770 706 832 ‘si
720 771 804 832 forte
819 774 964 831 armenta
977 770 1115 850 requiret

200 865 278 927 hacc
292 866 415 948 aliquis,
434 867 546 930 vidisse
561 889 655 948 nega;
676 889 739 930 11111
754 867 857 948 gratia
870 868 956 929 facto

201 964 291 1026 nulla
304 966 506 1044 rependetur,
523 967 660 1028 nitidam
674 987 750 1048 cape
765 966 905 1048 praemia
919 967 1072 1040 uaccam)

168 1047 176 1069 ’
201 1065 234 1122 11
248 1061 346 1124 dedit.
391 1063 531 1144 Accepta
544 1083 634 1126 voces
648 1063 705 1126 has
719 1064 859 1126 reddidit
873 1063 1000 1144 hospes:

203 1158 329 1220 ‘Tutus
343 1179 402 1222 eas.
449 1161 544 1242 Lapis
559 1161 618 1223 iste
632 1162 721 1243 prius
735 1167 792 1223 tua
805 1163 894 1224 furtu
909 1161 1080 1242 loquetur‚'

201 1258 233 1318 et
247 1256 385 1337 lapidem
400 1258 550 1320 ostendit.
596 1259 733 1321 Simulat
748 1260 822 1322 Iove
836 1264 930 1321 natus
944 1257 1052 1332 abire,v

201 1373 276 1416 mox
290 1354 374 1416 redit
387 1358 420 1417 et
434 1375 522 1418 versa
535 1357 654 1437 pariter
668 1377 742 1419 eum
756 1378 831 1420 voce
845 1359 947 1438 figure

204 1451 362 1527 ‘Rustica
379 1453 487 1515 vidisti
502 1454 605 1535 siquas
618 1456 680 1516 hoc
694 1455 815 1517 limite’
831 1455 913 1516 dixit

203 1549 268 1612 ‘ire
282 1551 386 1626 boves,
403 1552 453 1614 fer
466 1572 569 1633 opem,
586 1553 737 1634 furtoque
752 1553 879 1614 silentia
893 1553 999 1628 deme3

201 1647 311 1709 iuncta
325 1668 381 1710 suo
395 1649 515 1730 pariter
529 1650 657 1712 dabitur
670 1650 729 1711 tibi
747 1651 868 1712 femina
882 1650 998 1711 taur0.’

201 1743 248 1805 At
262 1746 375 1821 senior,
391 1750 559 1828 postquam
574 1752 621 1810 est
635 1768 752 1810 meroes
766 1748 938 1828 geminata,
958 1747 1044 1808 ‘Sub
1058 1746 1121 1807 illis

201 1843 384 1906 montibus'
399 1844 505 1925 inquit
522 1845 674 1923 ί1111111’;
697 1848 729 1907 et
743 1850 834 1908 erent
848 1846 906 1908 sub
920 1845 1083 1906 montibus
1096 1843 1168 1904 illis.

202 1939 285 2002 Risit
299 1940 499 2004 Atlantiades
513 1946 546 2004 et
562 1942 634 2004 ‘Me
649 1942 741 2017 milri,
757 1943 887 2023 perfido,
903 1941 1035 2022 prodis?

201 2058 253 2099 me
267 2038 347 2099 mihi
362 2027 469 2120 prodis
479 2041 513 2100 l'
536 2040 581 2102 ait
594 2039 783 2121 periuraque
798 2044 926 2120 pectora
941 2039 1037 2100 vertit

201 2134 235 2196 iu
250 2135 368 2197 durum
382 2135 512 2211 silicem,
530 2137 584 2218 qui
597 2157 684 2199 nunc
700 2157 823 2218 quoque
837 2136 955 2198 dicitur
970 2136 1075 2197 index.

374 2461 404 2522 5.
447 2459 542 2522 ΤΗΕ
566 2460 622 2522 DI
628 2459 801 2521 VINITY
826 2460 887 2521 OF
910 2457 1138 2520 BAOOHUS.

590 2653 666 2698 1111.
686 2654 743 2698 111.
760 2609 909 2700 582-691.

282 2815 342 2879 Ille
356 2819 445 2878 metu
459 2835 577 2878 vacuus
593 2815 739 2877 ‘Nomen
754 2815 853 2876 mihi’
870 2815 952 2875 dixit
969 2814 1130 2887 ‘Acoetes

201 2911 306 2993 patria
321 2913 466 2975 Maeonia
479 2915 536 2987 est,
555 2911 670 2973 humili
685 2913 724 2974 de
737 2912 828 2993 plebe
842 2915 998 2993 parentes.

203 3010 277 3071 Nou
292 3010 372 3070 mihi
387 3029 466 3091 quae
480 3008 554 3071 duri
568 3010 707 3071 colerent
720 3016 811 3091 pater
825 3030 899 3071 arva
913 3009 1049 3082 iuvenci,

201 3106 396 3187 lanigerosve
411 3128 530 3188 greges,
546 3127 612 3168 non
626 3108 692 3169 ulla
706 3111 849 3169 armenta
862 3107 1004 3187 reliquit:

201 3224 323 3286 pauper
336 3209 368 3267 et
382 3206 448 3286 ipse
463 3206 538 3279 fuit,
555 3205 684 3286 linoque
699 3206 817 3267 solebat
831 3209 863 3267 et
877 3204 979 3266 hamis

202 3302 345 3382 decipere
359 3306 392 3364 11
405 3303 525 3364 calamo
540 3302 685 3363 salientes
700 3303 814 3363 ducere
828 3301 936 3382 pisces.

90 3465 94 3474 ⁴
202 3398 264 3459 Ars
278 3399 326 3460 illi
341 3421 397 3461 sua
411 3414 521 3462 census
535 3403 613 3461 erat.
658 3399 739 3461 (lum
756 3401 894 3460 traderet
908 3403 1019 3472 artem,

204 3496 356 3578 “Accipe
371 3518 448 3578 quas
461 3498 571 3571 habeo,
589 3497 687 3558 studii
702 3517 859 3559 successor
874 3502 905 3557 et
924 3496 1052 3570 heres,”

202 3593 285 3654 dixit
301 3594 323 3624 “
334 3596 446 3676 opes.”
490 3595 689 3676 Moriensque
704 3595 784 3656 mihi
800 3594 846 3655 hil
861 3594 915 3655 ille
930 3594 1059 3674 reliquit

202 3696 327 3772 praeter
340 3713 449 3775 equas:
472 3714 574 3755 unum
589 3693 649 3755 hoc
663 3713 790 3774 possum
806 3693 964 3772 appellare
978 3695 1156 3771 paternum.

286 3790 381 3852 ‘Mox
395 3811 464 3872 ego,
480 3811 520 3852 ue
535 3791 671 3872 seopulis
685 3791 846 3852 haererem
861 3809 983 3869 semper
997 3787 1031 3848 iu
1046 3788 1156 3860 isdem,

203 3887 343 3950 addidici
357 3889 498 3968 regimen
513 3890 624 3951 dextra
640 3889 823 3950 moderante
838 3887 962 3948 carinae

204 3981 329 4046 flectere
340 3987 373 4046 et
388 3983 516 4046 Oleniae
531 3985 618 4046 sidus
632 3983 771 4065 pluviale
785 3983 921 4064 capellae
