2964 4380
444 211 559 277 0v1n’s
580 227 662 276 uass
684 229 796 277 meur
816 228 861 276 ar
882 229 983 277 noun

166 379 259 443 Hanc
273 398 331 462 ege
346 380 519 462 suspiciens
532 384 565 443 et
578 381 617 442 ab
631 379 691 442 hac
707 379 864 463 Oapitelia
872 400 1014 457 cernens,

206 498 285 559 quae
299 481 407 540 nostro
421 478 541 539 frustra
555 477 665 540 iuncta
677 479 767 540 fuere
781 478 852 553 lari,

167 575 331 638 ‘Numina
345 573 458 637 vicinis
471 573 650 637 habitantia
664 575 815 650 sedibus,’
832 576 974 656 inquam,

100 707 104 715 ·
208 673 353 755 ‘iamque
367 672 467 735 oculis
482 693 646 754 nunquam
660 674 781 754 templa
794 673 932 736 videnda
944 673 1034 749 meis,

165 769 260 851 dique
275 771 488 851 relinquendi,
504 790 582 852 quos
596 771 672 832 urbs
685 771 781 833 habet
795 771 860 834 alta
874 771 1013 848 Quirini,

204 873 269 931 este
284 868 413 931 salutati
428 872 553 950 tempus
567 867 601 930 in
618 888 712 931 omne
726 868 822 931 mihil

165 965 209 1027 Et
224 985 416 1046 quamquam
430 985 497 1027 sero
511 965 650 1046 elipeum
664 968 737 1045 post
751 966 882 1028 vulnera
895 983 998 1042 sume,

205 1065 347 1124 attamen
360 1061 443 1124 hanc
457 1062 537 1124 odiis
550 1065 718 1124 exonerate
731 1063 843 1141 fugam

165 1158 353 1240 caelestique
367 1159 445 1233 viro,
462 1159 533 1239 quis
547 1179 597 1221 me
611 1159 771 1240 deceperit
784 1179 881 1234 error,

206 1255 313 1330 dieite,
329 1275 387 1336 pro
401 1256 548 1336 culpane
562 1257 663 1318 scelus
678 1275 743 1318 esse
757 1260 866 1337 putet3

165 1355 214 1428 ut,
231 1353 316 1434 quod
330 1372 384 1416 ves
398 1353 494 1427 scitis,
511 1372 630 1434 poenae
645 1367 769 1435 qunque
784 1353 901 1416 sentiat
914 1355 1039 1418 auctor:

206 1451 329 1532 placate
339 1469 468 1531 possum
481 1469 547 1512 non
562 1450 656 1514 miser
670 1470 734 1513 esse
749 1451 832 1512 den’

166 1548 236 1610 Hac
249 1567 342 1629 prece
356 1547 483 1610 adoravi
498 1567 626 1628 superos
639 1568 709 1629 ego,
725 1548 871 1629 pluribus
885 1567 975 1624 uxor,

206 1646 350 1727 singultu
365 1645 484 1710 medios
498 1646 691 1728 impediente
706 1665 806 1709 sonos.

165 1743 227 1806 Illa
239 1743 336 1809 etiam
350 1748 424 1807 ante
439 1743 534 1806 Lares
547 1745 646 1826 passis
659 1745 800 1807 adstrata
812 1743 936 1824 capillis

206 1841 342 1922 contigit
356 1841 527 1904 exstinctos
541 1861 594 1904 ore
610 1845 764 1904 tremente
778 1842 875 1913 focos,

165 1939 330 2020 multaque
344 1938 378 2000 in
392 1939 538 2002 adversos
552 1939 668 2001 effudit
681 1939 776 2001 verba
790 1939 925 2000 Penates

72 2077 78 2086 -
205 2056 264 2117 pro
277 2037 440 2118 deplorato
454 2056 519 2098 nen
533 2036 671 2098 valitura
684 2036 762 2099 viro.

165 2133 297 2215 Iamque
311 2153 416 2196 morae
430 2133 568 2215 spatium
584 2153 647 2196 nox
660 2132 869 2215 praecipitata
882 2133 1028 2215 negabat,

205 2244 355 2312 versaque
369 2231 408 2293 ab
422 2251 479 2293 axe
493 2251 550 2294 suc
564 2231 727 2294 Parrhasis
740 2234 843 2294 arctos
856 2235 934 2294 erat.

167 2329 249 2405 Quid
266 2329 427 2391 facerem?
468 2317 592 2391 Blando
605 2329 727 2410 patriae
741 2327 900 2391 retinebar
912 2349 1033 2407 amore3

207 2427 321 2489 ultima
334 2426 388 2488 sed
402 2425 502 2488 iussae
516 2446 580 2490 nox
594 2430 661 2488 erat
675 2427 731 2488 illa
744 2427 850 2506 fugae.

166 2523 234 2586 Ah!
257 2523 403 2605 quotiens
416 2523 522 2605 aliquo
535 2523 602 2586 dixi
617 2527 822 2606 properante:
846 2523 951 2600 ‘Quid
965 2524 1082 2604 urges?
1176 2529 1178 2532 ’

206 2622 256 2683 vel
272 2641 333 2702 quo
347 2621 477 2683 festines
491 2621 547 2697 ire,
564 2621 613 2683 vel
628 2621 725 2696 unde,
742 2621 851 2684 videl'

166 2715 234 2779 Ah!
257 2717 403 2798 quotiens
417 2721 534 2780 certam
548 2737 600 2780 me
614 2738 685 2780 sum
700 2717 855 2780 mentitus
868 2717 982 2780 habere

206 2813 328 2888 horam,
345 2814 522 2894 propositae
536 2834 616 2896 quae
629 2816 713 2877 foret
727 2819 802 2896 apta
816 2815 895 2877 viae.

167 2909 230 2972 Ter
243 2911 343 2972 limen
356 2910 459 2991 tetigi,
476 2914 526 2973 ter
539 2931 609 2973 sum
624 2915 798 2986 revocatus,
815 2914 847 2974 ct
860 2912 927 2992 ipse

206 3007 376 3088 indulgens
390 3007 497 3070 animo
510 3027 565 3089 pes
579 3009 659 3071 mihi
674 3010 785 3071 tardus
798 3012 875 3070 erat.

168 3104 265 3186 Saepe
281 3105 388 3167 ‘vale’
404 3104 491 3166 dicto
504 3124 613 3167 rursus
627 3125 698 3168 sum
713 3106 817 3167 multa
830 3105 956 3168 locutus

206 3206 238 3263 et
254 3201 341 3283 quasi
356 3201 519 3264 discedens
533 3203 639 3264 oscula
653 3223 777 3265 summa
791 3202 875 3266 dedi.

167 3298 265 3380 Saepe
278 3299 387 3361 eadem
402 3299 552 3362 mandata
566 3300 639 3362 dedi
654 3320 768 3381 meque
781 3300 848 3381 ipse
861 3299 973 3374 fefelli,

207 3396 376 3477 respiciens
390 3397 489 3459 oculis
502 3397 636 3478 pignam
650 3417 722 3460 cara
736 3397 824 3459 meis.

1227 3403 1265 3461 60

167 3493 313 3575 Denique
326 3493 430 3570 ‘Quid
445 3498 603 3576 propero?
625 3495 755 3576 Scythia
769 3498 827 3568 est,
844 3514 907 3575 quo
921 3491 1106 3569 mittimur,’
1121 3495 1263 3577 inquam,
1350 3481 1355 3489 ¹

209 3593 329 3654 ‘Roma
343 3592 551 3672 relinquenda
564 3596 626 3654 est:
648 3596 783 3672 utraque
797 3591 880 3654 iusta
893 3612 981 3655 mora
994 3595 1050 3654 est.

166 3688 258 3752 Uxor
270 3689 305 3750 in
319 3693 484 3751 aeternum
499 3689 569 3752 vivo
584 3689 664 3751 mihi
678 3689 750 3751 viva
764 3692 909 3770 negatur,

206 3793 239 3849 et
252 3788 366 3850 domus
380 3790 412 3850 et
426 3788 507 3863 fidae
521 3787 627 3849 dulcia
640 3788 782 3850 membra
796 3787 921 3862 domus,

167 3904 306 3967 quosque
320 3905 378 3965 ego
391 3884 489 3946 dilexi
503 3885 644 3947 fraterno
659 3904 745 3947 incre
759 3884 890 3958 sodales,

207 4003 227 4045 ο
240 3981 321 4045 mihi
335 3982 456 4044 Thesea
469 3985 596 4064 pectora
610 3980 720 4044 iuncta
734 3981 813 4044 fidet
