2986 4376
188 224 230 290 74
383 222 410 266 P.
436 221 550 266 OVIDII
572 221 724 270 NASONIS
745 222 909 270 casnm
930 222 1087 270 sunnam.

189 371 286 434 Ouria
299 373 450 448 restabat3
473 372 553 434 clari
567 392 715 434 mensura
729 377 836 435 coacta
850 377 911 436 est:

228 469 330 531 maius
343 472 411 531 erat
425 470 541 533 nostris
555 469 675 532 uiribus
688 470 769 532 illud
786 491 874 532 onus.

188 567 258 628 Neo
271 567 396 654 patiens
410 586 524 648 corpus
537 587 596 630 nec
610 588 699 630 mens
713 568 779 630 fuit
792 572 868 650 apta
881 555 990 643 labori,

228 665 441 746 sollicitaeque
455 666 554 746 fugax
568 666 751 728 ambitionis
764 687 864 742 eram;

188 765 221 823 et
234 765 340 843 petere
354 762 475 824 Aoniae
490 764 664 825 suadebant
679 767 750 825 tuta
764 783 883 826 sorores

207 855 209 860 ’
229 859 303 933 otia,
321 859 439 921 iudicio
454 880 576 942 semper
590 864 695 922 amata
710 879 788 922 meo.

190 956 355 1036 Temporis
369 956 455 1017 illius
469 957 552 1019 colui
567 958 695 1037 fovique
708 961 827 1038 poetas,

230 1057 369 1134 quotque
382 1055 514 1116 aderant
528 1058 624 1129 vates,
641 1055 732 1116 rebar
745 1055 850 1116 adesse
865 1056 947 1117 deos.

190 1151 288 1231 Saepe
303 1171 374 1212 suas
390 1152 530 1214 volucres
544 1152 622 1232 legit
636 1152 717 1213 mihi
731 1152 881 1233 grandior
895 1173 980 1227 aevo,

230 1268 371 1330 quaeque
385 1251 478 1310 nocet
492 1269 630 1329 serpens,
649 1269 727 1329 quac
742 1249 831 1312 iurat
845 1249 951 1324 herba,
969 1250 1084 1312 Macer.

191 1345 289 1427 Saepe
303 1365 375 1407 suos
389 1345 501 1407 solitus
515 1345 645 1408 recitare
661 1346 844 1428 Propertius
859 1346 957 1428 ignes,

229 1442 298 1504 iure
313 1442 454 1504 sodalicii
469 1442 524 1523 qui
539 1442 619 1503 mihi
635 1441 764 1516 iunctus
777 1447 854 1505 erat.

190 1539 342 1602 Ponticus
355 1539 462 1614 heroo,
479 1540 593 1602 Bassus
607 1560 734 1621 quoque
747 1541 851 1602 clarus
864 1540 977 1602 iambis

230 1637 337 1699 dulcia
350 1637 514 1698 convictus
528 1638 668 1700 membra
682 1639 772 1700 fuere
787 1637 864 1714 mei;

189 1738 222 1797 et
236 1735 343 1797 tenuit
358 1739 480 1796 nostras
493 1755 679 1796 numerosus
694 1735 848 1797 Horatius
861 1755 963 1809 aures,

230 1834 308 1894 dum
323 1833 399 1894 ierit
414 1832 556 1894 Ausonia
569 1833 710 1894 carmina
723 1832 811 1894 culta
824 1833 900 1912 lyra.

190 1929 369 2009 Vergilium
384 1929 450 1991 ridi
466 1931 604 2003 tantum,
621 1949 679 1990 nec
692 1949 799 1991 amara
813 1928 942 1991 Tibullo

231 2029 357 2106 tempus
370 2026 527 2088 amicitiae
541 2027 609 2088 fata
622 2026 736 2088 dedere
750 2046 846 2088 meae.

192 2123 356 2186 Successor
369 2123 434 2185 fuit
447 2123 500 2185 hic
514 2123 585 2197 tibi,
603 2124 702 2197 Galle,
720 2123 904 2205 Propertius
917 2123 981 2199 illi;

141 2248 145 2256 ·
232 2224 363 2303 quartus
377 2221 416 2283 ab
430 2221 480 2282 his
494 2221 571 2284 serie
586 2221 737 2303 temporis
751 2221 818 2303 ipse
832 2221 892 2283 lui.

190 2317 305 2399 thue·
314 2334 371 2398 ego
385 2317 527 2393 maiores,
544 2319 589 2380 sic
603 2339 653 2380 me
667 2319 790 2381 coluere
805 2318 953 2392 minores,

232 2419 369 2496 notaque
383 2434 448 2477 non
463 2417 552 2478 tarde
565 2417 651 2478 iacta
665 2415 780 2477 Thalia
793 2436 863 2478 mea
877 2420 932 2478 est.

193 2513 342 2575 Carmina
355 2533 428 2575 cum
443 2513 584 2594 primum
599 2514 717 2595 populo
732 2513 891 2575 iuvenalia
903 2513 978 2594 legi,

231 2612 327 2673 barba
341 2615 459 2672 resecta
473 2611 552 2672 mihi
568 2611 653 2673 bisve
668 2611 801 2673 semelve
816 2612 891 2672 iuit.

166 2727 178 2746 ⁸
192 2709 335 2770 Moverat
349 2709 514 2789 ingenium
530 2713 629 2770 totam
647 2713 775 2770 cantata
788 2729 844 2790 per
859 2709 969 2770 urbem

231 2805 360 2867 nomine
375 2826 440 2866 non
455 2825 529 2867 vero
543 2806 629 2867 dicta
644 2805 784 2867 Corinna
797 2805 888 2866 mihi.

192 2902 297 2964 Multa
312 2902 439 2982 quidem
455 2902 580 2982 scripsi3
604 2903 658 2964 sad
673 2922 751 2983 quae
766 2902 879 2964 vitiosa
892 2901 1014 2983 putavi,

231 2999 446 3061 emendaturis
460 2999 588 3078 ignibus
602 2999 669 3079 ipsc
683 3000 766 3061 dedi.

192 3097 284 3158 Tunc
299 3116 433 3178 quoque,
450 3116 524 3157 curn
539 3097 694 3175 fugerem,
712 3097 864 3177 quaedam
879 3097 1035 3178 placitura
1049 3097 1184 3158 cremari

231 3194 332 3255 iratus
347 3193 453 3255 studio
467 3193 722 3274 carminibusque
736 3193 824 3255 meis.

192 3291 288 3353 Molle
304 3290 490 3370 Cupidineis
505 3310 562 3352 neo
577 3291 822 3371 inexpugnabile
837 3291 908 3353 telis

232 3408 285 3450 cor
299 3388 390 3461 mihi,
408 3389 554 3468 quodque
568 3388 645 3450 levis
659 3408 752 3450 causa
767 3391 916 3462 moveret,
934 3393 1011 3450 erat.

193 3485 274 3546 (lum
290 3488 397 3546 tamen
412 3486 464 3546 hic
479 3506 587 3558 essem,
604 3485 799 3566 minimoque
814 3486 999 3548 accenderer
1012 3486 1092 3566 igni,

232 3583 361 3644 nomine
376 3584 435 3644 sub
450 3587 557 3644 nostro
571 3584 680 3645 fabula
694 3584 783 3645 nulla
797 3583 871 3646 fuit.

193 3681 295 3742 Paene
310 3680 390 3741 mihi
405 3700 504 3761 puero
519 3699 577 3742 nec
591 3680 689 3760 digna
703 3701 761 3742 nec
775 3680 864 3743 utilis
878 3701 958 3742 uxor

232 3780 279 3838 est
293 3778 377 3851 data,
395 3797 474 3858 quae
489 3781 615 3858 tempus
629 3798 685 3858 per
699 3779 792 3840 breve
806 3780 908 3858 nupta
922 3778 997 3838 suit.

191 3873 245 3936 Illi
260 3874 418 3950 successit,
436 3874 579 3956 quamvis
593 3875 660 3937 sine
674 3875 807 3938 crimine
822 3875 972 3948 coniunx,

232 3992 297 4035 non
312 3976 419 4036 tamen
433 3972 468 4034 in
482 3976 590 4034 nostro
604 3974 696 4035 firma
709 3975 821 4036 futura
835 3977 915 4036 toro.
