2986 4376
207 181 247 260 78
403 193 432 238 P.
459 189 1106 241 0111111101111111111111111.
1132 207 1135 214 ·

729 346 777 404 12.

204 457 387 522 Audentem
401 457 541 540 Forsque
555 456 726 540 Venusque
741 457 839 519 iuvat·
1032 538 1062 598 Α
1089 537 1120 598 A
1182 485 1249 599 ⁴608

1064 584 1072 599 .
1123 553 1171 599 ·1·
1251 583 1258 599 ·

728 689 777 748 13.
887 665 889 670 ’

204 801 272 862 Nee
286 799 373 862 credi
387 799 475 862 labor
489 801 546 862 est.
590 797 658 862 Sibi
673 817 813 880 quaeque
827 797 954 861 videtur
967 797 1113 861 emunda.

246 897 385 960 Pessima
399 897 451 972 sit,
467 895 551 958 nulli
565 916 630 960 non
645 916 702 959 sua
715 897 818 958 formu
831 897 944 980 placet.
1031 975 1118 1036 ΑΛ
1191 978 1247 1036 613

1064 1020 1072 1035 .
1121 990 1171 1037 .1.
1251 1019 1259 1037 .

728 1127 777 1186 14.

204 1238 351 1320 Iuppiter
364 1258 402 1301 ex
416 1238 481 1301 alto
494 1236 634 1320 periuria
647 1237 730 1300 ridet
744 1239 920 1313 amantum,

244 1341 276 1400 et
290 1336 379 1400 iubet
392 1335 518 1400 Aeolios
532 1335 630 1399 inrita
643 1336 725 1399 ferre
740 1338 840 1398 notos.

1030 1416 1071 1476 A.
1088 1415 1128 1477 A.
1146 1431 1170 1476 1.
1190 1418 1257 1477 633.

728 1569 777 1628 15.

203 1681 376 1763 Ingenium
390 1680 473 1744 mala
486 1699 577 1763 saepe
591 1682 729 1744 movent.

727 1916 776 1974 16.

566 2026 615 2090 Ut
628 2025 752 2101 umeris,
769 2025 913 2088 amabilis
927 2028 1003 2089 esto.

1015 2105 1259 2170 AAmm.

728 2257 776 2319 17.

204 2373 320 2438 Forma
333 2372 452 2434 bonnm
466 2370 580 2451 fragile
594 2372 652 2445 est,
669 2372 888 2450 quantumque
902 2368 1023 2431 accedit
1036 2369 1076 2430 ad
1090 2387 1200 2444 annos,

244 2471 282 2532 fit
295 2469 410 2544 minor,
426 2471 459 2530 et
472 2467 574 2550 spatio
588 2466 730 2548 carpitur
743 2466 811 2547 ipsa
825 2485 891 2528 suo.

204 2569 272 2630 Nee
286 2567 385 2630 violae
400 2585 559 2646 sempervs
573 2563 781 2645 hyacinthina
794 2563 862 2626 lilia
876 2563 1000 2639 florent,

243 2669 276 2728 et
290 2664 373 2745 riget
386 2663 498 2726 amissa
512 2662 604 2744 spina
619 2661 729 2724 relicta
739 2681 817 2724 rosa.

204 2763 248 2826 Et
262 2762 321 2824 tibi
336 2761 400 2823 ism
415 2759 639 2834 venientem,
656 2760 804 2834 formose,
822 2758 940 2839 capilli,

243 2860 308 2923 iarn
321 2859 451 2930 venient
465 2878 572 2939 rugus,
589 2876 668 2938 quse
682 2856 741 2918 tibi
756 2851 869 2938 eorpus
884 2859 984 2919 arent.

203 2959 272 3020 Iam
287 2957 398 3020 molire
413 2957 556 3019 animum
571 2955 626 3036 qui
641 2955 746 3030 duret,
762 2957 795 3016 et
809 2954 937 3032 adstrue
950 2955 1085 3016 formae:

244 3056 329 3118 selus
341 3055 381 3116 ad
396 3057 551 3117 extremos
564 3055 729 3135 permanet
742 3052 796 3114 ills
810 3071 912 3133 roges.

204 3155 272 3216 Nee
286 3152 363 3214 levis
376 3152 530 3232 ingenuas
544 3153 655 3231 pectus
670 3149 800 3212 coluisse
814 3168 870 3231 per
884 3151 967 3211 artes

244 3269 320 3312 cura
334 3249 376 3312 sit
390 3252 422 3312 et
435 3248 562 3329 linguas
575 3246 739 3314 edidicisse
755 3248 842 3310 duas.

1017 3326 1057 3388 A.
1075 3326 1116 3387 A.
1133 3343 1173 3388 11.
1191 3331 1259 3389 113.

729 3479 777 3537 18.

207 3587 364 3669 Obsequio
378 3591 548 3652 tranantur
561 3607 671 3669 aquae,
687 3607 745 3650 nse
759 3587 884 3650 vincere
898 3586 997 3668 possis

246 3686 389 3762 flumina,
406 3686 432 3748 si
447 3689 568 3761 contra,
585 3704 679 3766 quam
695 3684 890 3765 1111111111,
907 3688 1005 3747 nates.

207 3784 401 3865 Obsequium
415 3782 568 3865 tigrisque
583 3784 692 3845 domat
705 3781 925 3863 Numidasque
939 3781 1054 3846 leones.

247 3881 376 3946 Rustica
389 3879 545 3965 paulatim
560 3884 670 3944 taurus
686 3884 790 3943 aratra
804 3879 898 3943 subit.
1126 3899 1146 3944 e

1018 3960 1261 4024 AAmm.
