2986 4376
201 196 244 273 84
388 209 424 254 r.
450 206 565 254 ovum
586 207 738 255 uusorus
760 206 923 256 eremus
945 207 1100 254 suuuers.

722 362 770 421 53.
858 424 860 435 ,

200 491 278 573 Spes
291 489 391 570 igitur
405 487 505 550 menti
519 508 647 568 poenae,
666 488 828 564 Graeciae,
844 489 995 552 levandae

240 608 304 650 non
318 589 366 649 est
379 607 418 648 ex
432 589 500 648 toto
514 586 604 648 nullu
618 586 727 648 relicte
741 607 838 649 meae.

200 687 287 748 Haec
301 685 371 758 deu,
388 703 461 744 cum
476 683 626 763 fugerent
640 685 804 746 sceleratus
818 683 952 746 numine
965 688 1075 759 terras,

238 783 273 844 in
288 781 336 843 dis
350 781 452 843 invise
465 780 530 842 sols
544 781 694 842 remansit
708 783 817 845 humo.

200 881 287 942 Haec
301 878 380 940 facit
394 880 431 939 ut
445 878 531 939 vivut
545 878 646 940 fossor
660 898 785 960 quoque
799 879 949 960 compede
963 878 1099 953 vinctus,

239 977 399 1057 libereque
412 996 431 1037 a
444 977 529 1037 ferro
542 995 635 1038 crure
649 976 760 1038 futura
775 979 876 1058 putei.

200 1075 287 1136 Haec
301 1073 379 1136 feeit
393 1075 441 1147 ut,
456 1073 560 1135 videet
574 1094 647 1136 eum
662 1078 761 1136 terres
774 1074 917 1155 undique
932 1074 1046 1149 nullas,

239 1172 414 1251 naufragus
427 1171 463 1232 in
477 1170 588 1232 mediis
601 1171 747 1233 bracchia
762 1171 857 1233 iactet
870 1172 968 1251 aquis.

201 1269 299 1351 Saepe
313 1269 450 1348 aliquem
465 1268 572 1330 sollers
586 1269 783 1331 medicorum
797 1288 873 1332 cura
886 1267 1028 1349 reliquit,

239 1385 298 1428 nec
312 1385 381 1447 spes
395 1364 471 1427 huic
486 1385 565 1428 vena
579 1365 744 1429 deficiente
758 1365 853 1428 cadit.

201 1464 334 1527 Cercere
347 1464 500 1525 dicuntur
515 1464 612 1554 clausi
627 1484 751 1546 sperare
766 1463 911 1538 salutem,

240 1565 334 1642 atque
349 1561 464 1641 aliquis
477 1561 620 1642 pendens
633 1560 669 1623 in
683 1581 774 1624 cruce
789 1565 862 1623 vote
875 1563 964 1624 fecit.

201 1659 288 1720 Haec
302 1659 360 1720 dee
375 1677 469 1739 quum
485 1658 602 1720 multos
616 1659 727 1740 lequeo
742 1679 799 1721 sue
813 1659 893 1721 eolla
907 1659 1037 1740 ligantis

240 1776 306 1818 uon
319 1759 367 1819 est
379 1755 541 1838 proposita
555 1776 645 1838 pesse
657 1756 762 1838 perire
775 1759 865 1819 nece!

995 1855 1047 1915 Ex
1063 1855 1097 1914 P.
1116 1871 1140 1915 1.
1160 1859 1188 1926 6,
1206 1857 1253 1918 27.

723 2053 772 2112 54.

202 2179 296 2254 Oura,
313 2179 391 2260 quid
406 2181 563 2261 expediet,
580 2180 669 2261 prius
683 2183 730 2242 est
745 2201 840 2262 quam
855 2181 933 2260 quid
947 2181 989 2242 sit
1002 2181 1182 2254 honestum,

241 2281 273 2339 et
287 2297 360 2339 cum
375 2278 506 2340 fortuna
520 2280 644 2357 statque
659 2278 805 2358 caditque
820 2279 906 2340 ficies.

200 2375 269 2437 Nec
283 2374 375 2436 facile
390 2374 531 2437 invenias
545 2375 657 2438 multis
670 2376 704 2437 in
719 2376 848 2438 milibus
862 2395 975 2449 uuum,

241 2471 394 2534 virtutem
407 2473 548 2553 pretium
562 2473 618 2555 qui
632 2476 725 2554 putet
739 2493 803 2536 esse
817 2473 876 2536 sui.

999 2571 1253 2666 fflRussu

721 2787 770 2844 55.

202 2913 246 2973 Et
259 2912 339 2980 bene
353 2911 402 2974 uti
416 2931 549 2993 pugnes,
566 2911 645 2975 bene
659 2931 806 2994 pugnans
820 2912 916 2974 efficit
929 2911 1038 2974 hostis.

977 3007 1254 3082 fflRu&ffl

722 3225 771 3284 56.

202 3353 263 3428 Qui
278 3353 372 3416 semel
388 3358 435 3416 esi
449 3355 550 3416 laesus
564 3353 670 3416 fallaci
684 3353 778 3434 piscis
792 3355 831 3415 ab
845 3353 950 3429 hume,

242 3449 388 3512 omuibus
402 3471 485 3513 unce
498 3452 576 3513 cibis
590 3471 661 3513 uere
675 3452 798 3513 subesse
812 3454 916 3532 putei.

1000 3547 1252 3621 fflRuzu

723 3763 771 3827 57.
891 3803 894 3812 ·

201 3891 308 3974 Regis,
325 3891 416 3957 crede
430 3889 523 3970 mihi,
540 3911 590 3958 res
603 3897 651 3958 est
664 3914 844 3958 succurrere
858 3889 963 3977 lapsis.

978 3987 1257 4065 ExRuQss.
