2964 4380
474 193 543 239 mn
564 189 789 240 cmmemou
811 193 851 238 OF
872 193 1014 237 elassa.
1254 189 1294 255 45

198 343 415 423 praemonitus
429 348 559 425 potuere
573 345 683 420 deum3
706 343 871 424 strictique
886 344 1036 405 feruntur
1238 344 1298 405 800

198 440 233 501 in
247 441 404 522 templum
417 441 531 522 gladii,
553 442 755 523 nequeenim
770 443 858 504 locus
872 441 958 502 ullus
972 442 1006 502 in
1022 440 1099 502 urbe

198 537 237 598 ad
252 538 378 600 facinus
391 539 555 620 diramque
570 541 683 621 placet,
701 539 762 601 nisi
777 538 875 613 curia,
892 540 1028 602 caedem.

199 635 283 696 Tum
297 657 369 698 vero
386 636 540 717 Cytherea
554 658 651 699 manu
665 636 821 718 percussit
834 641 968 717 utraque

198 737 322 813 peetus,
340 737 373 794 et
388 732 561 795 Aeneaden
576 732 709 794 molitur
724 731 861 793 condere
875 731 973 806 nube,

199 850 263 910 qua
277 830 366 910 prius
380 830 501 891 infesto
516 829 605 891 Paris
620 833 669 891 est
684 833 814 910 ereptus
829 828 975 902 Atridae,
1058 899 1061 906 ¹

199 931 232 988 et
248 926 438 989 Diomedeos
454 927 578 988 Aeneas
592 927 723 1006 fugerat
739 945 839 987 enses.

280 1024 411 1086 Talibus
426 1024 511 1085 hanc
524 1023 671 1104 genitor:
696 1022 789 1084 ‘Sola
803 1022 1019 1103 insuperabile
1034 1023 1152 1094 iatum,

198 1124 286 1194 nata,
303 1141 429 1183 movere
444 1141 535 1202 paras
550 1120 563 1181 Ρ
605 1122 710 1182 Intres
725 1120 802 1182 licet
817 1120 885 1199 ipsa
900 1118 1045 1181 sororum

198 1221 286 1278 tecta
299 1219 421 1279 trium:
444 1237 553 1279 cernes
568 1217 634 1280 illic
649 1217 815 1279 molimine
830 1221 920 1278 vasto

199 1333 238 1374 ex
252 1334 323 1375 aere
339 1318 371 1375 et
386 1314 487 1377 solido
502 1335 610 1376 rerum
625 1314 784 1376 tabularia
799 1315 896 1386 ferro,

199 1429 280 1488 qnae
295 1430 398 1490 neque
414 1431 606 1473 concussum
620 1410 710 1485 caeli,
727 1429 832 1491 neque
846 1399 994 1471 fulminis
1009 1410 1101 1484 iram,

201 1519 259 1564 neo
274 1506 423 1564 metuunt
438 1502 517 1564 ullas
532 1507 602 1564 tuta
616 1506 712 1583 atque
726 1506 853 1566 aeterna
867 1503 986 1565 ruinas.

201 1599 350 1660 Invenies
364 1599 429 1661 illic
443 1599 542 1661 ineisa
556 1601 722 1662 adamante
737 1599 869 1680 perenni

200 1696 268 1757 fata
282 1696 330 1756 tui
345 1697 482 1776 generis:
504 1696 566 1776 legi
581 1696 590 1756 i
593 1715 648 1777 pse
661 1696 829 1776 animoque
843 1696 961 1770 notavi,

201 1796 234 1854 et
249 1795 394 1868 referam,
410 1813 451 1855 ne
465 1794 506 1855 sis
520 1794 695 1855 etiamnum
710 1793 820 1872 ignara
834 1793 949 1854 futuri.

284 1891 366 1952 ‘Hic
380 1911 437 1952 sua
449 1891 630 1970 complevit,
647 1911 704 1972 pro
719 1910 792 1970 qno,
811 1889 977 1970 Cytherea,
994 1891 1124 1966 laboras,

201 1990 351 2067 tempora,
358 1988 506 2067 perfectis
520 2007 597 2068 quos
610 1992 712 2050 terrae
727 1988 837 2050 debuit
851 1989 954 2050 annis.

200 2084 249 2146 Ut
263 2085 340 2145 deus
353 2084 480 2146 accedat
494 2085 579 2146 caelo
595 2085 782 2165 templisque
797 2085 929 2159 locetur,
1011 2143 1013 2146 .

201 2184 237 2242 tu
251 2181 347 2243 facies
362 2185 517 2262 natusque
531 2201 616 2256 suus,
634 2182 689 2262 qui
703 2182 841 2244 nominis
855 2181 948 2244 heres

200 2278 386 2360 impositum
401 2279 481 2341 feret
495 2297 579 2340 unus
593 2298 683 2353 onus,
699 2279 867 2359 caedisque
881 2279 1022 2360 parentis

200 2395 258 2438 nos
273 2375 403 2444 inbella
415 2395 487 2438 suos
501 2376 693 2438 fortissimus
707 2376 793 2439 ultor
806 2377 944 2439 habebit.

200 2471 294 2535 Illius
306 2473 455 2554 auspiciis
469 2474 606 2536 obsessae
620 2474 744 2536 moenia
757 2494 868 2555 pacem

200 2567 287 2631 victa
299 2571 414 2650 petent
428 2567 595 2646 Mutinac3
617 2569 781 2631 Pharsalia
795 2568 914 2630 sentiet
928 2568 1032 2642 illum,

201 2665 408 2747 Emathiique
422 2666 542 2728 iterum
556 2667 728 2728 madefient
743 2666 839 2727 caede
854 2665 1008 2746 Philippi,

201 2766 234 2823 et
249 2782 402 2842 magnum
418 2762 534 2825 Siculis
548 2782 666 2824 nomen
682 2761 886 2842 superabitur
901 2763 1009 2837 undis,

201 2859 401 2941 Romanique
417 2860 508 2922 ducis
523 2860 665 2921 coniunx
680 2859 841 2940 Aegyptia
851 2859 968 2920 tacdae

200 2975 267 3016 non
282 2956 362 3018 bene
376 2958 433 3018 fisa
448 2958 562 3019 cadet:
584 2955 768 3037 frustraque
784 2955 845 3017 erit
859 2955 915 3017 illa
930 2956 1062 3030 minata,

201 3053 359 3115 servitura
373 3073 431 3116 suo
446 3053 606 3135 Capitolia
620 3056 730 3115 nostra
747 3053 887 3132 Canopo.

287 3150 392 3226 ‘Quid
406 3150 466 3212 tibi
481 3150 671 3224 barbariam,
687 3153 800 3231 gentes
815 3149 854 3210 ab
869 3153 1007 3229 utroque
1022 3149 1163 3212 iacentes

203 3244 327 3306 Oceano
341 3245 530 3306 numerem?
572 3243 799 3324 Quodcumque
813 3243 985 3306 habitabile
999 3247 1094 3308 tellus

201 3341 347 3414 sustinet,
364 3341 460 3402 huius
473 3340 552 3416 erit3v
570 3344 689 3422 pontus
704 3359 826 3420 quoque
841 3343 954 3404 serviet
968 3343 1027 3404 illi.

203 3437 283 3498 Pace
297 3438 372 3498 data
386 3437 487 3512 terris,
504 3437 646 3506 animum
661 3439 701 3499 ad
716 3436 821 3499 civilia
835 3441 935 3501 vertet

202 3534 273 3595 iura
286 3554 390 3609 suum,
406 3534 552 3615 legesque
565 3535 647 3610 feret
660 3534 851 3596 iustissimus
865 3540 989 3597 auctor:

202 3632 408 3713 exemploque
422 3652 478 3694 suo
493 3652 594 3694 mores
609 3637 706 3713 reget,
724 3631 821 3712 inque
835 3633 940 3694 futuri

202 3729 355 3810 temporis
368 3734 503 3792 aetatem
517 3734 786 3812 venturorumque
803 3735 957 3810 nepotum

202 3827 406 3908 prospiciens,
424 3827 544 3909 prolem
558 3831 666 3889 sancta
680 3828 719 3888 de
733 3827 868 3906 coniuge
882 3831 990 3888 natam

202 3925 288 3986 ferre
301 3923 396 3986 simul
410 3944 588 4005 nomenque
602 3944 695 3986 suum
710 3943 861 4004 curasque
875 3923 1011 4000 iubebit3
