2964 4380
672 181 789 228 mute.

179 332 218 393 ad
235 351 339 413 regem
354 334 472 396 duxere
487 332 609 408 Midan,
626 332 678 394 cui
694 332 849 394 Thracius
864 331 1011 414 Orpbeus

178 430 267 510 orgia
283 431 455 493 tradiderat
469 450 542 493 cum
558 429 710 510 Cecropio
726 430 894 511 Eumolpo.

261 527 322 603 Qui
338 528 432 590 simul
447 527 578 608 agnovit
592 527 711 590 socium
727 528 936 610 comitemque
951 546 1121 601 sacrorum,

178 625 313 707 hospitis
327 627 466 688 adventu
480 627 599 688 festum
613 626 782 706 genialiter
795 626 862 706 egit
1239 628 1277 685 95

178 743 235 803 per
249 723 297 784 bis
311 723 450 803 quinque
465 723 532 784 dies
546 727 578 785 et
592 723 716 785 iunctas
731 723 842 785 ordine
857 726 974 785 noctes.

179 821 224 881 Et
238 820 302 881 iam
316 820 477 882 stellarum
494 821 627 883 sublime
644 825 790 901 coegerat
804 841 918 901 agmen

154 891 161 937 ι
180 917 309 979 Lucifer
322 918 519 994 undecimus,
536 918 640 998 Lydos
655 939 728 980 cum
742 919 845 980 laetus
859 918 893 979 iu
907 937 999 998 agros

179 1035 234 1076 rex
248 1015 382 1076 renitet
397 1016 504 1076 iuveni
520 1016 663 1077 Silenum
678 1016 783 1078 reddit
798 1017 939 1078 alumne.

260 1112 347 1174 Huic
361 1114 439 1175 deus
453 1113 584 1194 optandi
599 1120 738 1193 gratum,
756 1115 810 1176 sed
825 1113 951 1187 inutile,
967 1112 1045 1174 fecit

179 1210 321 1271 muneris
334 1210 512 1284 arbitrium,
529 1211 671 1290 gaudens
684 1211 784 1273 altore
798 1215 933 1292 recepte.

180 1307 238 1368 Ille
253 1307 334 1369 male
349 1327 464 1368 usurus
478 1308 570 1369 donis
584 1309 630 1370 ait
646 1309 654 1337 ‘
668 1309 776 1382 Effice,
795 1308 947 1389 quicquid

179 1423 309 1484 corpore
323 1405 485 1484 contigero
502 1405 629 1466 fulvum
644 1409 786 1467 vertatur
800 1406 834 1466 in
848 1405 989 1468 aurum.’

180 1501 307 1563 Adnuit
320 1503 438 1582 optatis
452 1502 657 1582 nocituraque
677 1523 812 1564 munera
825 1503 919 1564 solvit

181 1599 286 1673 Liber,
303 1603 335 1660 et
349 1599 499 1674 indoluit,
517 1601 601 1681 quod
616 1620 682 1662 non
696 1600 828 1662 meliora
841 1601 981 1680 petisset.

261 1697 378 1758 Laetus
392 1697 458 1759 abit
471 1699 650 1778 gaudetque
666 1698 749 1760 malo
768 1698 973 1778 Berecyntius
986 1697 1079 1760 heros

180 1793 378 1875 pollicitique
392 1796 487 1857 fidem
502 1796 802 1876 tangendosingula
817 1799 965 1877 temptat

181 1892 309 1972 Vixque
323 1893 382 1954 sibi
396 1893 526 1954 credens
540 1912 604 1954 non
619 1894 683 1954 alta
696 1895 810 1955 fronde
824 1894 979 1955 virentem

181 1989 253 2051 ilice
266 1988 404 2050 detraxit
420 1989 554 2070 virgam:
577 1990 665 2070 virga
679 2011 773 2052 aurea
786 1992 871 2052 facta
885 1994 943 2052 est.

182 2087 282 2148 Tollit
295 2087 394 2148 humo
408 2107 532 2149 saxum:
555 2107 665 2149 saxum
680 2107 805 2169 quoque
819 2088 934 2169 palluit
948 2107 1035 2150 auro.

183 2184 327 2264 Contigit
341 2187 373 2246 ct
386 2184 543 2264 glaebam:
565 2189 715 2246 contactu
730 2185 839 2266 glaeba
853 2185 977 2266 potenti

181 2301 283 2342 massa
297 2281 344 2341 fit.
388 2280 523 2342 Arentes
538 2280 660 2343 Cereris
673 2282 830 2362 decerpsit
844 2282 967 2342 aristas:

182 2398 276 2440 aurea
290 2377 397 2438 messis
411 2380 487 2438 erat.
533 2378 710 2460 Demptum
724 2383 813 2441 tenet
826 2381 935 2442 arbore
949 2398 1096 2460 pomum:

182 2475 373 2555 Hesperidas
387 2474 518 2536 donasse
532 2479 633 2555 putes.
679 2476 713 2538 si
730 2477 873 2557 postibus
886 2477 959 2538 altis

182 2573 323 2634 admovit
337 2571 464 2652 digitos,
481 2577 585 2652 postes
599 2573 721 2635 radiare
736 2573 896 2635 videntur.

183 2669 242 2730 Ille
256 2669 352 2730 etiam
367 2668 498 2749 liquidis
510 2670 631 2749 palmes
648 2670 704 2731 ubi
717 2671 836 2732 laverat
851 2670 957 2746 undis,

183 2767 270 2828 unda
283 2767 384 2828 fluens
398 2766 511 2847 palmis
526 2767 660 2829 Dauadu
675 2767 801 2830 eludere
815 2772 928 2850 posset.

182 2864 246 2925 Vix
261 2884 330 2945 spes
344 2864 409 2946 ipse
424 2885 494 2926 suas
508 2865 614 2926 animo
629 2866 724 2947 capit,
741 2885 835 2927 aurea
850 2867 973 2946 fingens

182 2963 297 3024 omnia.
344 2962 503 3024 Gaudenti
518 2982 642 3024 mensas
655 2982 786 3042 posuere
801 2963 939 3024 ministri

182 3063 356 3121 exstructas
370 3060 504 3140 dapibus
518 3080 577 3121 uec
592 3063 691 3121 tostae
705 3059 808 3139 frugis
823 3065 961 3138 egentes.

263 3157 347 3218 Tum
362 3178 445 3232 vero,
462 3157 527 3219 sive
540 3158 593 3218 ille
608 3177 664 3218 sua
679 3157 818 3219 Cerealia
833 3158 944 3219 dextra

181 3274 314 3316 munera
329 3255 515 3334 contigerat,
534 3254 673 3316 Cerealia
687 3255 770 3316 dona
783 3254 939 3334 rigebant,

182 3351 207 3412 si
213 3371 247 3412 vc
261 3351 357 3431 dapes
370 3352 462 3436 avido
477 3352 651 3414 convellere
665 3353 761 3414 dente
776 3354 917 3432 parabat,

182 3449 335 3511 lammina
348 3450 437 3512 fulva
451 3451 547 3530 dapes
560 3451 688 3512 admoto
704 3451 799 3511 dente
813 3450 985 3531 premebat.

183 3545 354 3608 Miscuerat
368 3547 456 3629 puris
470 3551 630 3610 auctorem
646 3547 787 3608 muueris
802 3547 912 3608 uudis:

180 3644 277 3704 fusile
291 3663 347 3724 per
361 3644 461 3706 rictus
475 3664 590 3706 aurum
604 3644 729 3705 fluitare
745 3645 877 3706 videres.

263 3740 432 3804 Attonitus
445 3742 586 3804 novitate
606 3742 692 3816 mali,
710 3742 858 3821 divesque
873 3741 1040 3820 miserque,

182 3839 320 3920 effugere
335 3843 425 3921 optat
439 3860 513 3921 opes
526 3843 569 3914 et,
586 3860 665 3920 quae
680 3840 774 3901 modo
788 3842 926 3910 voverat,
944 3837 1024 3898 odit.

183 3936 284 4018 Oopia
298 3936 387 4001 nulla
401 3939 519 4002 famem
534 3935 666 4012 relevat3
689 3936 757 3998 sitis
772 3935 859 3997 arida
873 3931 987 4012 guitur
