2964 4380
206 229 225 292 8
398 243 425 288 r.
451 242 564 288 ov1u11
587 241 736 288 uasoms
759 241 921 288 casurus
944 243 1102 291 suasore.

203 394 392 476 Saeculaque
407 397 439 454 et
452 393 571 474 positae
586 393 696 474 spatiis
709 393 891 474 aequalibus
906 395 1011 456 Horae

202 493 329 572 Verque
343 511 460 554 novum
476 492 578 553 stabat
592 491 734 552 cinctum
748 491 880 554 florente
895 513 1020 568 corona,

201 591 304 652 stabat
318 590 405 650 nuda
415 588 526 650 Aestas
540 593 573 650 et
587 590 689 669 spicea
704 594 785 650 serta
799 591 937 670 gerebat,

201 689 304 750 stabat
318 692 351 749 et
366 688 561 761 Autumnus,
578 689 705 748 calcatis
719 687 864 749 sordidus
878 688 958 762 uvis,

201 789 234 848 et
247 786 386 866 glacialis
401 786 522 858 Hiems,
539 805 633 847 canos
647 785 769 847 hirsuta
784 786 922 866 capillos.

282 883 353 964 Ipse
367 883 435 944 loco
449 882 573 945 medius
587 903 692 944 rerum
708 882 849 944 novitate
863 886 1031 963 paventem

203 980 256 1041 Sol
270 979 369 1041 oculis
383 980 540 1053 iuvenem,
558 979 672 1060 quihus
686 980 822 1060 adspicit
836 979 952 1053 omnia,
970 979 1052 1041 vidit

204 1075 329 1150 ‘Quae’
347 1097 406 1158 quo
423 1076 509 1138 ‘viae
525 1077 583 1138 tibi
597 1078 713 1138 causa?
735 1076 812 1158 quid
827 1077 906 1138 hec'
923 1076 968 1138 ait
985 1077 1074 1138 ‘arce
1088 1075 1207 1156 petisti,

201 1174 376 1254 progenies,
395 1174 572 1248 Phaethon,
587 1175 672 1236 haud
687 1174 855 1236 infitianda
869 1173 994 1254 parenti
1005 1175 1039 1234 l’

283 1271 341 1332 Ille
355 1272 452 1333 refert
469 1272 515 1334 ‘O
531 1273 586 1332 lux
601 1271 735 1333 inmensi
750 1272 878 1353 publica
892 1271 1016 1344 mundi,
1262 1273 1302 1331 35

150 1451 152 1456 Ι
204 1369 327 1430 Phoebe
341 1374 440 1450 pater,
458 1369 483 1430 si
498 1369 553 1430 das
568 1390 660 1430 usum
675 1369 754 1430 mihi
770 1369 908 1431 nominis
923 1368 1019 1430 huius

202 1486 260 1528 nec
274 1466 354 1528 falsa
369 1467 518 1547 Clymene
533 1467 659 1547 culpam
674 1467 732 1528 sub
751 1467 890 1546 imagine
905 1467 995 1539 celat,

202 1564 336 1644 pignora
349 1565 399 1638 da,
416 1564 551 1644 genitor,
569 1584 625 1645 per
639 1584 717 1644 quae
732 1568 788 1625 tua
802 1584 874 1625 vera
888 1584 1028 1645 propago

203 1662 321 1736 credar,
339 1665 371 1722 et
384 1661 471 1722 huno
485 1661 599 1722 animis
613 1681 750 1722 errorem
764 1661 894 1722 detrahe
910 1661 1049 1722 nostris.’

284 1758 430 1820 Dixerat:
452 1763 484 1822 at
498 1759 624 1838 genitor
638 1759 756 1819 circum
772 1761 870 1838 caput
884 1779 977 1820 omne
992 1759 1145 1820 micantes
1263 1760 1304 1818 40

203 1855 350 1936 deposuit
364 1856 466 1917 radios
480 1855 671 1936 propiusque
686 1855 830 1916 accedere
845 1855 951 1931 iussit3

203 1953 415 2034 amplexuque
429 1955 503 2014 dato
520 1953 607 2013 ‘Nec
622 1957 657 2013 tu
673 1973 761 2014 meus
775 1973 839 2014 esse
855 1952 963 2032 negari

204 2050 321 2130 dignus
335 2070 376 2123 es,
394 2055 426 2111 et
442 2050 590 2130 Clymene
606 2050 715 2110 veros'
730 2049 776 2110 ait
792 2049 912 2110 ‘edidit
927 2054 1023 2110 ortus.

204 2147 336 2227 Quoque
351 2147 456 2207 atinus
471 2147 606 2219 dubites,
624 2146 757 2226 quodvis
772 2149 842 2226 peto
857 2166 985 2218 munus,
1003 2146 1134 2206 utillud

204 2264 254 2305 me
269 2244 427 2305 tribuente
442 2245 533 2304 feras.
580 2242 744 2303 Promissis
758 2243 847 2304 testis
861 2243 968 2303 adesto
1263 2245 1304 2302 45

204 2342 253 2403 dis
266 2340 400 2402 iuranda
415 2342 514 2420 palus,
532 2340 631 2401 oculis
646 2340 808 2419 incognita
822 2339 963 2400 nostris’

284 2438 348 2500 Vix
362 2439 440 2499 bone
455 2437 598 2509 desierat,
616 2456 727 2497 currus
742 2441 830 2516 rogat
848 2436 901 2496 ille
915 2441 1062 2514 paternos

204 2537 300 2617 inque
315 2536 397 2597 diem
413 2535 575 2615 alipedum
590 2534 640 2594 ius
654 2538 686 2594 et
700 2535 901 2595 moderamen
915 2552 1078 2612 equorum.

151 2706 156 2716 ,
286 2633 448 2694 Paenituit
462 2633 579 2693 iurasse
593 2635 726 2711 patrem.
771 2631 832 2705 Qui
847 2635 957 2709 terque
972 2634 1143 2710 quaterque

203 2731 386 2792 concutiens
401 2730 534 2790 inlustre
549 2733 644 2808 caput
661 2728 859 2789 ‘Temeraria
870 2729 878 2756 ’
891 2727 974 2788 dixit
1267 2733 1308 2789 50

206 2829 285 2889 ‘vox
299 2847 369 2888 mea
383 2829 467 2888 faeta
482 2830 537 2887 tua
551 2830 607 2886 est.
653 2825 786 2886 Utinam
802 2825 954 2905 promissa
967 2825 1076 2885 liceret

203 2945 268 2986 non
283 2925 371 2985 dure!
394 2925 555 2995 confiteor,
573 2922 675 2982 solum
690 2921 749 2982 hoc
764 2922 833 2994 tibi,
850 2926 935 2994 nate,
952 2941 1111 3002 negarem.

205 3021 394 3083 Dissuadere
407 3020 493 3080 licet.
537 3019 611 3079 Non
626 3023 673 3079 est
688 3022 743 3077 tua
758 3022 829 3079 tuta
844 3019 1004 3102 voluntas..

205 3118 322 3197 Magna
335 3118 428 3199 petis,
446 3116 624 3188 Phaethon,
641 3118 673 3176 et
688 3135 766 3194 quae
781 3135 839 3176 nec
854 3115 974 3177 viribus
987 3116 1055 3177 istis

205 3233 337 3276 munera
351 3213 540 3275 conveniant
556 3232 612 3273 neo
628 3216 692 3273 tam
707 3212 883 3291 puerilibus
897 3214 998 3274 annis.

206 3312 278 3373 Sors
293 3315 349 3372 tua
363 3310 514 3382 mortalis,
532 3313 657 3369 nonest
678 3309 809 3370 mortale
825 3311 908 3388 quod
924 3315 1023 3390 optas.

207 3408 282 3469 Plus
297 3408 403 3482 etiam,
421 3427 515 3486 quam
531 3406 614 3485 quod
629 3405 750 3486 superis
764 3406 948 3486 contingere
961 3409 1010 3468 fas
1024 3411 1082 3481 est,

205 3505 328 3566 nescius
343 3506 492 3566 adiectas.
540 3503 665 3562 Placeat
680 3502 738 3562 sibi
753 3503 884 3582 quisquc
898 3504 1017 3578 licebit,

206 3623 271 3664 non
287 3606 393 3663 tamen
409 3600 545 3679 ignifero
561 3599 727 3678 quisquam
742 3599 911 3680 consistere
927 3600 960 3661 in
975 3622 1031 3663 axe

206 3721 257 3761 mc
272 3701 354 3761 valet
369 3699 508 3777 excepto.
555 3696 645 3756 Vasti
661 3715 784 3776 quoque
800 3701 901 3758 rector
918 3697 1056 3778 Olympi,
1273 3706 1313 3765 60

207 3798 261 3878 qui
276 3798 343 3860 iera
359 3794 492 3858 terribili
507 3793 662 3854 iaculatur
677 3794 814 3856 fulmina
829 3795 949 3868 dextra,

207 3915 272 3958 non
286 3899 358 3976 agat
372 3895 430 3955 hos
444 3911 569 3953 currus:
592 3894 624 3951 et
638 3890 715 3971 quid
731 3891 804 3953 Iove
818 3893 920 3954 maius
933 3893 1110 3956 habemus?

293 3992 424 4053 ‘Ardua
437 3988 540 4069 prima
554 3987 605 4048 via
618 3992 665 4048 est
679 3992 711 4047 et
725 4007 787 4066 qua
800 3989 853 4050 vix
868 4009 960 4052 mane
975 3997 1115 4054 recentes
