2964 4380
185 238 229 302 40
383 233 411 278 P.
437 231 552 278 0V1u11
573 227 725 276 NASONIS
746 227 910 276 CARMINA
932 227 1089 274 SELEGTA.

186 388 316 467 pectora
331 382 473 464 semper’
488 381 534 444 ait
551 379 681 443 ‘vestris
695 378 832 442 exercita
846 378 948 441 rebus.
1004 367 1012 382 '

187 484 234 545 At
247 481 294 543 nil
309 479 469 562 impendit
482 499 539 560 per
553 482 602 540 tot
614 474 819 540 'l'elamdnius
829 497 930 539 annos

188 579 352 661 sanguinis
366 578 401 639 in
416 577 514 640 socios
528 580 561 638 et
574 576 670 638 habet
683 575 751 637 sine
766 575 895 637 vulnere
910 594 1032 657 corpus.

270 675 375 752 ‘Quid
392 679 499 740 tamen
513 675 574 736 hoc
587 675 696 748 refert,
714 673 740 735 si
754 693 786 736 se
801 693 859 754 pro
873 673 969 736 classe
983 673 1114 753 Pelasga

187 796 276 838 arma
289 773 400 836 tulisse
415 775 513 836 refert
526 777 637 834 contra
651 772 810 852 Troasque
825 771 1019 852 lovemque?

189 873 422 952 Confiteorque,
441 869 532 932 tulit:
555 869 756 951 nequeenim
773 869 937 931 benefacta
951 868 1090 949 maligno
1111 917 1114 924 .

188 971 364 1032 detractare
379 988 487 1030 meum
501 970 557 1030 est.
604 967 665 1030 Sed
681 987 721 1028 ne
736 966 918 1029 communia
931 967 1015 1028 solus

189 1070 333 1147 occupet,
350 1070 446 1147 atque
460 1065 599 1146 aliquem
614 1064 701 1127 vobis
716 1084 841 1145 quoque
856 1065 968 1126 reddat
981 1065 1148 1126 honorem:

189 1165 330 1246 reppulit
345 1163 512 1226 Actorides
526 1163 584 1224 sub
599 1161 737 1242 imagine
751 1165 842 1223 tutus
856 1161 993 1223 Achillis

190 1262 288 1324 Troas
301 1261 341 1323 ab
355 1259 473 1323 arsuris
487 1279 560 1322 cum
575 1260 740 1322 defensore
754 1258 879 1321 carinis.

189 1359 315 1420 Ausum
329 1357 425 1421 etiam
441 1356 605 1418 Hectoreis
619 1356 721 1417 solum
736 1375 922 1418 concurrere
936 1355 1007 1418 telis

191 1477 223 1520 se
235 1459 341 1538 putat,
358 1455 477 1518 oblitus
491 1454 635 1535 regisque
649 1455 831 1534 ducumque
845 1454 980 1534 meique,

191 1575 294 1617 nonus
308 1554 343 1615 in
357 1553 459 1615 officio
474 1556 507 1614 et
520 1552 679 1633 praelatus
693 1571 825 1613 munere
839 1551 940 1612 sortis.

192 1652 253 1715 Sed
268 1656 375 1713 tamen
389 1654 521 1712 eventus
539 1653 670 1722 vestrae,
687 1648 869 1722 fortissime,
885 1667 1011 1728 pugnae

191 1749 263 1829 quis
276 1749 365 1809 ruit?
379 1783 420 1793 -
434 1747 555 1808 Hector
568 1746 635 1808 abit
650 1745 785 1807 violatus
799 1745 929 1808 vulnere
944 1745 1048 1807 nullol

274 1846 346 1908 ‘Me
361 1845 523 1918 miserum,
540 1847 660 1925 quanto
675 1842 769 1923 cogor
782 1842 962 1905 meminisse
976 1842 1083 1904 dolore

192 1942 342 2024 temporis
357 1942 455 2016 illius,
472 1961 535 2022 quo
551 1941 681 2003 Graium
698 1960 819 2015 murus,
836 1939 979 2001 Achilles

191 2040 376 2122 procubuit!
419 2040 452 2101 N
453 2059 488 2101 ec
502 2059 552 2101 me
566 2039 714 2100 lacrimae
728 2039 896 2118 luctusque
911 2037 1069 2116 timorque

192 2139 371 2211 tardarunt,
389 2137 467 2218 quin
483 2157 597 2217 corpus
610 2136 709 2197 humo
724 2135 857 2197 sublime
873 2135 1031 2196 referrem.

193 2236 253 2298 His
269 2235 395 2309 umeris,
413 2235 473 2308 his,
491 2235 633 2315 iuquam,
651 2233 768 2296 umeris
782 2252 840 2313 ego
854 2252 968 2312 corpus
982 2231 1118 2294 Achillis

192 2338 226 2396 et
239 2334 334 2395 simul
349 2353 437 2395 arma
452 2332 527 2393 tuli:
550 2352 630 2412 quae
644 2351 731 2392 nunc
747 2349 870 2411 quoque
884 2330 967 2391 ferre
981 2329 1097 2391 laboro.

193 2431 277 2494 Sunt
290 2431 382 2504 milri,
399 2450 479 2510 quae
494 2429 619 2491 valeant
633 2428 667 2488 iu
682 2428 758 2489 talia
771 2427 921 2507 pondera,
938 2426 1019 2488 vires
1032 2447 1041 2502 ;

192 2532 240 2591 est
253 2528 379 2590 enimus
393 2532 477 2589 certe
493 2530 609 2588 vestros
623 2545 772 2588 sensurus
785 2525 929 2586 honores.

194 2625 322 2688 Scilicet
337 2625 454 2686 idcirco
468 2644 526 2704 pro
540 2627 615 2684 nato
630 2623 753 2684 caerula
769 2628 870 2684 muter

193 2723 359 2785 ambitiosa
373 2743 429 2784 suo
444 2721 519 2795 fuit,
537 2725 574 2781 ut
588 2719 733 2782 caelestia
747 2721 842 2794 dona,

193 2821 269 2882 artis
283 2840 362 2900 opus
378 2822 495 2892 tameo,
513 2817 601 2879 rudis
616 2821 648 2878 ct
662 2817 729 2878 sino
744 2821 869 2896 pectore
885 2817 974 2878 miles

193 2918 364 2980 indueret?
405 2917 517 2997 Neque
531 2915 616 2976 enim
632 2914 725 2994 clipei
740 2915 913 2976 caelamina
927 2914 1027 2988 novit,

195 3015 356 3077 Oceanum
371 3017 404 3076 et
417 3018 517 3075 terras
531 3032 666 3092 cumque
681 3013 745 3073 alto
760 3012 862 3073 sidera
875 3012 960 3082 caelo

195 3113 400 3192 Pleiadasque
415 3111 605 3190 Hyadesque
620 3109 849 3189 inmunemque
863 3108 1007 3189 aequoris
1021 3108 1142 3170 Arcton

194 3209 392 3289 diversasque
406 3209 500 3269 urbes
514 3206 716 3286 nitidumque
732 3205 858 3267 Orionis
873 3225 989 3267 ensem.

276 3305 380 3380 ‘Quid
396 3305 481 3386 quod
496 3325 546 3367 me
561 3303 634 3366 duri
649 3304 826 3384 fugientem
842 3322 974 3365 munera
987 3301 1061 3364 belli

194 3405 300 3485 arguit
313 3403 440 3483 incepto
455 3423 559 3464 serum
575 3401 736 3463 accessisse
750 3401 861 3475 labori,

193 3521 252 3563 nec
266 3521 298 3564 se
312 3499 516 3580 magnanimo
531 3499 719 3561 maledicere
734 3499 832 3560 sentit
846 3496 991 3559 Achilli?

195 3600 228 3662 Si
243 3599 404 3662 simulasse
424 3617 511 3660 vocas
525 3598 661 3660 crimen:
684 3595 903 3658 simulavimus
917 3595 1018 3657 ambo.

195 3698 229 3760 Si
243 3717 330 3759 mora
345 3717 402 3778 pro
411 3697 511 3777 'culpe
525 3699 585 3757 est:
608 3715 665 3774 ego
680 3715 750 3755 sum
767 3693 921 3754 maturior
935 3692 1000 3753 illo.

195 3796 247 3856 Me
261 3796 314 3875 pia
329 3794 469 3858 detinuit
484 3793 633 3864 coniunx,
651 3791 705 3872 pia
719 3795 820 3853 mater
834 3791 1003 3862 Achillem,

193 3893 359 3973 primaque
375 3895 451 3953 sunt
465 3890 528 3952 illis
543 3892 616 3952 data
631 3894 783 3968 tempora,
801 3892 904 3950 cetera
918 3886 1015 3948 vobis.

196 3989 292 4050 Haud
308 3989 415 4062 timeo,
433 3987 458 4048 si
473 3987 535 4049 iam
550 4006 672 4066 nequeo
687 3986 866 4060 defendere,
880 3985 1004 4046 crimen
