2986 4376
409 228 582 274 PROVERBS
604 226 679 276 AND
701 227 809 274 SHORT
830 227 1043 276 sunnonem.

701 383 750 441 46.

178 510 290 572 Ardua
303 529 360 592 per
374 529 522 591 praeceps
535 508 636 590 gloria
649 510 737 572 vadit
750 510 822 572 iter.

939 590 1051 653 Tarsa.
1072 608 1120 653 rv.
1138 597 1168 668 3,
1187 595 1235 658 74.

703 753 751 816 47.

179 883 319 963 Tempus
333 885 366 944 ct
379 881 414 943 in
428 899 522 946 canas
535 867 641 945 semen
655 881 804 963 producit
818 881 939 957 aristas,

219 981 251 1040 et
265 999 305 1040 ne
320 979 385 1040 sint
399 979 483 1041 tristi
498 999 592 1060 poma
606 998 727 1060 sapore,
744 980 841 1040 cavet.

180 1073 249 1138 Hoc
265 1079 377 1138 tenuat
391 1077 519 1139 dentem
534 1081 651 1138 terram
666 1075 847 1138 renovantis
860 1076 968 1150 aratri,

219 1174 278 1236 lroc
293 1173 410 1255 rigidas
424 1174 536 1249 silices,
552 1174 612 1237 lroc
626 1175 796 1236 adamanta
810 1173 894 1236 terit.

180 1272 249 1333 Hoc
264 1272 360 1334 ctiam
375 1293 479 1335 saeuas
493 1273 648 1352 paulatim
663 1272 790 1351 mitigat
804 1271 877 1346 iras,

218 1368 279 1431 hoo
293 1368 413 1431 minuit
426 1370 532 1432 luctus
546 1373 727 1452 maestaque
740 1370 835 1432 corda
848 1369 942 1432 levat.

961 1449 1074 1512 Tarsr.
1092 1467 1139 1514 1v.
1159 1455 1188 1526 6,
1206 1455 1234 1514 9.

701 1615 751 1673 48.

180 1742 326 1805 Passibus
340 1741 496 1824 ambiguis
510 1743 654 1814 Fortuna
668 1742 815 1806 volubilis
833 1745 918 1805 errat

218 1843 252 1902 et
265 1843 373 1902 manet
386 1840 421 1902 in
435 1841 524 1902 nullo
539 1844 624 1902 certa
638 1843 795 1921 tenaxque
809 1841 887 1915 loco,

179 1939 233 2000 sed
247 1939 342 2000 modo
355 1939 437 2000 laeta
452 1938 549 2013 venit,
566 1938 675 2001 vultus
689 1938 783 2000 modo
798 1939 896 2000 sumit
909 1939 1045 2012 acerbae,

219 2039 252 2097 et
266 2037 397 2098 tantum
408 2042 556 2099 constans
570 2035 605 2097 in
619 2034 746 2099 levitate
759 2039 887 2098 tuaest.

957 2117 1068 2178 Tarso.
1088 2134 1119 2178 v.
1138 2121 1233 2191 8,15.

624 2296 634 2320 ⁰
702 2281 751 2339 49.

179 2408 288 2470 Perfer
302 2412 335 2471 et
348 2408 482 2472 obdural
526 2409 631 2470 Multo
644 2407 787 2489 graviora
801 2407 914 2470 tulisti.

1237 217 1277 296 83

954 2503 1066 2568 Tursr.
1086 2521 1118 2565 v.
1138 2507 1187 2578 11,
1206 2508 1235 2568 Ὺ.

700 2671 748 2728 50.

179 2796 290 2878 Sisque
303 2795 398 2860 miser
412 2817 534 2879 semper
548 2816 606 2860 nec
620 2795 662 2858 sis
676 2795 862 2859 miserabilis
876 2795 943 2858 ulli.
1064 2875 1080 2936 Ι
1163 2879 1222 2940 m

1083 2891 1145 2950 ma,
1224 2921 1232 2938 .

702 3042 751 3100 51.

178 3169 292 3232 Nescio
306 3190 369 3251 qua
383 3170 488 3232 natale
502 3170 603 3232 solum
619 3170 786 3232 dulcedine
799 3173 930 3232 cunctos

218 3267 318 3342 ducit,
335 3271 368 3330 et
381 3267 570 3330 inmemores
583 3288 648 3330 uon
664 3268 740 3330 sinit
754 3287 818 3331 csse
832 3269 891 3330 sui.
972 3347 1001 3409 E
1041 3348 1066 3408 P
1137 3351 1201 3409 ⁰3

1004 3363 1026 3409 X
1069 3364 1118 3409 .1.
1137 3378 1167 3421 υ,
1204 3352 1233 3408 5.

699 3513 747 3571 52.

177 3638 309 3702 Saucius
323 3639 426 3702 eiurat
440 3660 581 3722 pugnam
601 3640 767 3720 gladiator,
784 3643 816 3702 et
830 3639 915 3702 idem

215 3736 372 3800 inmemor
385 3738 509 3818 antiqui
524 3737 663 3800 vulneris
677 3757 764 3799 arma
778 3737 871 3819 capit.

175 3835 231 3896 Nil
246 3835 305 3898 sibi
321 3856 394 3898 cum
406 3836 509 3918 pelagi
524 3835 603 3898 dicit
616 3836 684 3897 lore
699 3836 873 3916 naufragus
888 3833 993 3909 undis,

214 3935 247 3995 et
261 3932 352 3996 ducit
366 3953 467 3998 remos
482 3953 545 4016 qua
559 3933 653 3996 modo
667 3931 757 3995 navit
769 3952 860 4013 aqua.

972 4011 1024 4073 Ex
1041 4011 1075 4074 P.
1094 4027 1117 4073 1.
1137 4015 1166 4086 5,
1183 4011 1232 4075 37.
