2964 4380
337 243 406 290 THE
428 243 576 292 CONTEST
597 244 662 290 Fon
682 243 750 290 THE
773 243 865 290 ARMS
887 243 928 289 OF
949 245 1125 292 AOHILLES·
1231 247 1269 310 41

174 413 248 458 cum
262 398 353 458 tanto
367 415 535 458 commune
549 395 627 458 viro.
672 395 855 477 Deprensus
868 396 975 460 Ulixis

174 492 303 574 ingenio
318 499 426 556 tamen
439 494 504 569 ille,
520 497 554 555 at
569 513 634 572 non
648 493 754 556 Aiacis
769 494 889 556 Ulixes.
1213 498 1272 556 305

258 593 364 654 ‘Neve
379 592 413 653 in
427 612 478 654 me
492 591 624 654 stolidae
638 590 780 654 convicia
796 593 931 654 fundere
945 591 1074 672 linguae

174 690 369 751 admiremur
382 710 465 765 eum,
481 688 568 752 vobis
582 709 707 770 quoque
721 689 820 770 digna
833 690 953 770 pudore

174 788 280 850 obicit.
326 788 380 849 An
394 788 474 850 falso
489 788 679 850 Palameden
694 788 826 850 crimine
843 792 935 868 turpe

174 905 332 947 accusasse
346 885 438 960 mihi,
456 885 544 949 vobis
561 887 724 948 damnasse
740 886 889 948 decorum
904 886 975 946 est?

174 983 236 1045 Sed
252 979 354 1064 neque
369 983 563 1064 Naupliades
577 984 702 1046 facinus
717 983 886 1046 defendere
902 985 1028 1044 tantum

174 1084 304 1161 tamque
318 1083 430 1162 patens
443 1081 554 1155 valuit,
572 1101 630 1143 nee
644 1100 699 1144 vos
712 1081 845 1144 audistis
860 1081 894 1141 in
909 1079 964 1142 illo

173 1179 322 1240 erimina:
345 1179 479 1251 vidistis,
492 1183 678 1260 praestoque
692 1179 815 1242 obiecta
828 1179 989 1260 patebant.

257 1277 346 1338 ‘Nec
360 1276 573 1344 Poeantiaden
589 1277 674 1357 quod
688 1276 784 1338 habet
798 1276 956 1339 Vulcania
970 1276 1115 1348 Lemnos,
1234 1291 1236 1296 ’

173 1395 238 1436 esse
253 1395 324 1438 reus
338 1375 454 1437 merui:
476 1375 599 1436 lactum
619 1374 783 1436 defendite
797 1380 948 1448 vestrum,

173 1471 373 1534 consensistis
387 1472 484 1534 enim.
528 1473 596 1534 Nec
610 1493 660 1534 me
675 1472 806 1534 suasisse
821 1472 953 1553 negabo,

174 1573 212 1630 ut
225 1589 257 1630 se
272 1569 471 1631 subtraheret
484 1570 623 1650 bellique
639 1569 767 1650 viaeque
781 1569 881 1631 labori

173 1669 405 1747 temptaretque
419 1667 503 1728 feros
518 1667 625 1748 requie
639 1667 739 1730 lenire
753 1668 884 1730 dolores.

175 1763 287 1825 Paruit
301 1767 333 1826 et
347 1764 436 1825 vivit.
481 1764 555 1827 Non
570 1765 647 1826 haec
661 1765 820 1826 sententia
833 1767 960 1828 tantum

173 1862 247 1935 lida,
265 1863 319 1923 sed
333 1866 365 1923 et
378 1862 468 1937 felix,
484 1882 558 1924 cum
573 1862 615 1924 sit
629 1861 704 1924 satis
718 1882 783 1924 esse
798 1863 934 1924 fidelem.

174 1958 274 2034 Quem
291 1959 441 2038 quoniam
455 1963 541 2020 vates
554 1959 690 2021 delenda
704 1961 744 2021 ad
760 1959 913 2038 Pergama
926 1961 1072 2040 poscunt,

173 2075 213 2117 ne
228 2057 376 2118 mandate
390 2056 485 2118 mihi:
508 2056 622 2119 melius
636 2056 839 2119 Telamonius
853 2056 912 2118 ibit
1069 2061 1071 2066 ’

172 2153 359 2233 eloquioque
373 2153 479 2214 virum
494 2153 673 2234 morbisque
688 2155 796 2234 iraque
810 2155 971 2215 furentem

172 2250 306 2324 molliet,
323 2255 379 2312 aut
393 2251 499 2333 aliqua
512 2253 667 2333 producet
683 2252 816 2327 callidus
830 2256 907 2313 arte.

172 2348 260 2410 Ante
275 2352 359 2410 retro
375 2349 489 2410 Simois
503 2349 581 2411 fluet
595 2355 627 2410 et
641 2349 708 2412 sine
723 2349 891 2411 frondibus
905 2349 961 2410 Ide

173 2445 271 2507 stabit
284 2451 316 2506 et
330 2447 485 2507 auxilium
499 2447 667 2527 promittet
682 2447 805 2509 Achaia
819 2447 941 2520 Troiae,

173 2564 281 2624 quam,
298 2548 436 2605 cessante
452 2564 521 2605 meo
536 2565 594 2624 pro
607 2544 718 2606 vestris
733 2548 858 2625 pectore
873 2544 976 2617 rebus,

173 2640 281 2701 Aiacis
294 2640 400 2702 stolidi
416 2641 534 2703 Danais
549 2642 687 2703 sollertia
701 2642 811 2722 prosit.

174 2736 225 2798 Sia
238 2737 312 2798 licet
326 2737 462 2798 infestus
476 2738 566 2800 sociis
580 2737 711 2819 regique
726 2737 879 2819 mihique,

173 2834 253 2894 dure
268 2833 456 2910 Philoctete,
473 2834 547 2896 licet
561 2855 719 2897 exsecrere
733 2855 901 2916 meumque

172 2931 326 2993 devoveas
340 2929 406 2992 sine
421 2932 483 2993 fine
498 2935 594 3012 caput
608 2932 777 3012 cupiasque
792 2931 911 2992 dolenti

172 3046 225 3088 me
240 3026 298 3089 tibi
312 3028 395 3089 forte
409 3028 478 3090 dari
493 3033 700 3109 nostrumque
714 3028 841 3090 haurire
856 3048 1015 3090 cruorem:

173 3129 206 3186 te
222 3128 327 3186 tamen
342 3126 518 3206 adgrediar,
536 3127 591 3188 fiet
605 3125 664 3187 tibi
679 3126 768 3206 copia
783 3126 893 3200 nostri,

174 3225 302 3302 tamque
317 3222 380 3283 tuis
394 3223 508 3302 potiar,
525 3224 630 3285 faveat
644 3224 798 3297 Fortuna,
807 3222 949 3302 sagittis,

173 3339 268 3399 quam
285 3339 354 3380 sum
370 3319 542 3395 Dardanio,
560 3341 653 3401 quem
668 3321 748 3401 cepi,
765 3323 837 3382 vate
851 3320 984 3400 potitus,

174 3436 269 3496 quam
284 3436 432 3496 responsa
447 3419 542 3480 deum
557 3417 756 3499 Troianaque
770 3418 838 3480 fata
852 3417 962 3491 retexi,

173 3535 269 3596 quam
283 3516 376 3596 rapui
391 3517 547 3598 Phrygiae
561 3518 688 3599 siguum
704 3519 865 3600 penetrale
880 3518 1042 3580 Minervae

172 3612 317 3674 hostibus
331 3634 348 3676 e
363 3614 484 3676 mediis,
530 3616 574 3676 Et
588 3636 619 3678 se
634 3615 713 3676 mihi
729 3615 872 3677 conferat
886 3615 992 3677 Aiax?

173 3709 298 3791 Nempe
312 3711 383 3792 capi
398 3712 525 3775 Troiam
541 3714 751 3794 prohibebant
766 3714 832 3774 fata
846 3713 913 3774 sine
928 3713 998 3774 illo:

171 3808 267 3870 fortis
281 3809 336 3870 ubi
350 3814 398 3871 est
412 3811 517 3872 Aiax?
559 3812 624 3874 Ubi
639 3814 714 3872 sunt
729 3810 871 3892 ingentia
885 3810 993 3890 magni

172 3906 268 3967 verba
282 3906 368 3968 viri?
410 3907 476 3970 Cur
489 3909 541 3971 hie
557 3909 696 3971 metuis?
718 3929 775 3969 cur
789 3909 885 3969 audet
899 3907 1010 3969 Ulixes

172 4003 220 4065 ire
234 4023 291 4084 per
305 4005 452 4068 excubias
465 4010 497 4068 et
511 4027 543 4070 se
557 4005 755 4068 committere
770 4004 856 4065 nocti
