2964 4380
204 186 245 248 62
403 209 429 252 r.
456 207 570 253 ovrnrr
593 205 742 252 unsours
764 206 927 253 orsurus
950 209 1105 254 sennem.

206 359 273 421 Nec
288 357 395 420 minus
410 360 458 420 est
471 357 603 419 confusa
618 357 728 419 Venus
741 357 896 419 moriente
911 358 1050 432 Tibullo,

246 476 341 538 quem
357 454 465 516 iuveni
480 454 569 535 rupit
583 473 656 516 cum
670 455 758 516 ferus
772 454 892 535 inguen
906 476 992 537 aper.

205 554 251 615 At
265 554 344 616 sacri
359 556 446 615 vates
459 555 491 614 et
506 553 615 614 divum
630 572 706 614 cura
720 572 882 614 vocamur:

246 655 322 714 sunt
336 651 444 724 etiam,
461 650 516 730 qui
530 669 588 711 nos
603 670 723 711 numen
737 650 851 712 habere
865 654 992 732 putent.

207 748 334 811 Scilicet
348 768 441 810 omne
456 767 579 809 sacrum
594 767 678 808 mors
692 747 735 808 im
740 759 877 828 portuna
890 751 1055 829 profanat:

246 847 393 908 omnibus
407 846 552 907 obscuras
567 845 659 906 inicit
673 845 727 906 illa
742 866 864 908 manus.

207 943 291 1018 Quid
306 948 396 1024 pater
410 942 553 1015 Ismario,
571 942 649 1022 quid
664 947 766 1004 mater
779 944 903 1024 profuit
918 943 1071 1024 Orpheo?

246 1040 386 1102 carmine
401 1039 477 1120 quid
494 1039 591 1100 victas
605 1039 792 1121 obstipuisse
806 1041 912 1102 ieras?

208 1136 385 1198 ‘Aelinon’
402 1135 435 1196 in
451 1136 538 1197 silvis
551 1135 635 1198 idem
650 1140 741 1217 pater
757 1137 923 1199 ‘selinon’
938 1137 1012 1199 altis

246 1234 365 1296 dicitur
379 1233 480 1294 invita
494 1233 690 1296 concinuisse
703 1235 782 1315 lyra.

206 1331 307 1393 Adice
322 1331 521 1405 Maeoniden,
539 1351 644 1412 aquo,
662 1351 720 1393 ceu
734 1333 825 1394 fonte
838 1334 981 1413 perenni,

246 1432 356 1492 vatum
373 1429 484 1490 Pieriis
498 1448 552 1491 ora
566 1429 713 1508 rigantur
726 1430 830 1510 aquis3
996 1419 1000 1430 ¹

205 1526 293 1588 hunc
308 1545 433 1607 quoque
447 1546 571 1588 summe
585 1526 651 1588 dies
665 1526 757 1606 nigro
772 1527 940 1590 submersit
953 1529 1090 1592 Averno.

247 1625 430 1704 Defugiunt
444 1623 551 1685 aridos
565 1624 706 1685 carmina
720 1625 785 1686 sola
800 1644 900 1704 rogos.

207 1722 311 1784 Durat
325 1741 404 1802 opus
418 1724 540 1796 ratum,
557 1721 686 1782 Troiani
700 1723 787 1784 fama
800 1722 925 1797 laboris,

246 1819 400 1898 tardaque
415 1821 570 1879 nocturno
585 1819 648 1880 tela
662 1822 783 1882 retexta
797 1819 880 1881 dolo.

207 1913 259 1978 Sic
274 1915 418 1977 Nemesis
432 1916 575 1996 longum,
592 1915 637 1978 sio
651 1916 753 1990 Delia,
770 1937 886 1978 nomen
900 1918 1074 1992 habebunt,

247 2013 355 2087 altera,
373 2033 449 2074 cura
462 2033 580 2087 recens,
597 2014 705 2088 altera,
722 2014 955 2095 primus'emor.

207 2110 291 2186 Quid
307 2130 361 2172 vos
375 2130 461 2172 sacra
475 2110 610 2172 iuvant?
632 2111 709 2192 quid
725 2131 811 2173 nunc
826 2113 984 2193 Aegyptia
996 2117 1131 2194 prosunt

247 2207 363 2270 sistra?
384 2207 461 2287 quid
476 2207 510 2268 in
525 2227 624 2269 vacuo
638 2209 813 2270 secubuisse
828 2212 921 2271 toro?

208 2305 290 2368 Oum
305 2305 431 2385 rapiant
445 2305 529 2367 mala
542 2306 609 2366 fata
623 2306 731 2380 bonos,
748 2307 901 2385 ignoscite
914 2309 1008 2383 fasso,

247 2401 400 2464 sollicitor
413 2402 518 2464 nullos
532 2423 596 2464 esse
610 2407 722 2484 putare
736 2405 819 2466 deos.
924 2387 929 2400 ³

207 2499 288 2563 Vive
302 2500 389 2580 pius:
411 2500 553 2563 moriere.
599 2500 675 2562 Pius
689 2501 755 2562 cole
769 2521 869 2564 sacra:
891 2503 1046 2564 colentem

247 2617 332 2659 mors
346 2597 450 2678 gravis
464 2617 482 2659 a
497 2598 624 2678 templis
638 2598 673 2658 in
687 2619 762 2660 cava
776 2599 868 2660 busta
882 2600 995 2661 trehet.

209 2693 411 2757 Carminibus
425 2695 547 2756 confide
560 2694 666 2756 bonis:
688 2695 779 2769 iacet,
796 2716 876 2769 ecce,
894 2697 1055 2759 Tibullus:

248 2792 301 2853 rix
316 2795 454 2853 manete
468 2796 536 2853 toto
550 2812 645 2873 parve
661 2793 745 2872 quod
760 2813 841 2854 urna
855 2794 950 2874 capit.

208 2889 305 2964 Tene,
323 2909 408 2951 secer
422 2893 518 2963 vates,
535 2890 678 2951 flammae
692 2909 824 2970 rapuere
838 2892 969 2971 rogales,

247 2987 427 3068 pectoribus
441 2987 526 3067 pasci
541 3006 598 3048 nec
612 2990 746 3049 timuere
761 2987 849 3049 tuis?

207 3085 316 3147 Aurea
330 3088 511 3146 sanctorum
525 3082 703 3165 potuissent
716 3085 835 3164 templa
849 3085 982 3146 deorum

248 3202 349 3256 urere,
366 3201 447 3262 quae
461 3184 589 3242 tantum
604 3182 780 3244 sustinuere
794 3183 891 3244 nefas

208 3279 335 3340 Avertit
349 3278 457 3339 vultus
472 3277 583 3358 Erycis
598 3297 677 3358 quae
692 3278 830 3359 possidet
844 3299 938 3342 arces.

249 3375 332 3438 Sunt
347 3394 483 3456 quoque,
501 3375 556 3455 qni
571 3375 715 3436 lacrimas
729 3376 921 3438 continuisse
935 3380 1063 3456 negant.

208 3473 269 3536 Sed
284 3477 392 3535 tamen
406 3473 467 3534 hoc
481 3472 605 3547 melius,
623 3492 719 3553 quam
733 3472 759 3534 si
774 3473 927 3535 Phaeacia
941 3475 1037 3536 tellus

247 3571 394 3650 ignotum
410 3569 466 3632 vili
482 3571 695 3651 subposuisset
709 3569 817 3632 hume.

208 3669 271 3730 Hic
285 3670 368 3729 certe
383 3668 526 3730 madidos
540 3667 694 3748 fugientis
707 3668 821 3749 pressit
835 3668 947 3730 ocellos

247 3768 359 3840 mater,
376 3769 409 3828 et
423 3765 458 3826 in
473 3764 592 3827 cineres
606 3765 720 3827 ultima
734 3766 818 3827 dona
831 3766 919 3826 tulit.

207 3863 270 3924 Hic
285 3882 372 3924 soror
386 3863 421 3924 in
435 3865 555 3944 partem
572 3862 685 3924 misera
699 3882 771 3923 cum
788 3867 888 3924 matre
902 3860 1018 3926 doloris

248 3960 347 4035 venit,
364 3961 526 4023 inornatas
540 3959 694 4023 dilaniata
708 3980 820 4023 comas.
