2964 4380
619 241 817 303 Perfruor.

160 405 327 470 enitantur
340 407 427 488 equi:
450 406 554 469 medio
569 411 616 469 est
629 408 783 471 altissima
797 409 893 484 eaelo,

160 506 248 567 unde
262 525 348 566 mare
362 509 395 566 et
408 509 507 566 terras
521 504 582 586 ipsi
597 505 677 566 mihi
693 526 784 587 saepe
799 507 905 569 videre

161 606 201 665 fit
216 605 321 679 timor,
339 607 372 666 et
385 603 500 684 pavida
514 604 653 684 trepidat
667 604 839 666 formidine
853 610 974 686 pectus.

161 702 288 764 Ultima
301 723 401 784 prone
412 703 462 764 via
476 707 523 764 est
537 706 570 764 et
584 706 656 784 eget
669 703 886 765 moderamine
900 709 1000 766 certo:

160 803 240 862 tunc
254 800 350 862 etiam
365 821 444 881 quae
459 821 509 862 me
524 799 672 862 subiectis
686 800 804 882 excipit
819 801 924 874 undis,

160 917 202 959 ne
216 898 300 959 ferar
314 898 347 958 in
362 919 520 979 praeceps,
535 899 655 979 Tethys
673 899 751 960 solet
766 899 834 979 ipse
848 899 958 960 vereri.

246 995 310 1056 ‘At
324 1001 372 1070 tn,
389 996 510 1057 funesti
526 1016 564 1057 ne
579 995 638 1057 sim
653 995 711 1057 tibi
727 995 869 1056 muneris
882 1001 1002 1071 auctor,

161 1095 246 1165 nate,
264 1113 347 1166 cave,
365 1093 443 1153 dum
458 1113 567 1173 resque
583 1093 669 1166 sinit,
687 1096 744 1154 tua
757 1093 877 1173 corrige
893 1097 974 1168 vota.

163 1189 291 1250 Scilicet
305 1194 342 1251 ut
356 1195 463 1252 nostro
478 1191 622 1270 genitum
637 1194 669 1251 te
684 1189 836 1269 sanguine
851 1191 969 1264 credas,

161 1286 296 1366 pignora
310 1291 395 1348 certa
408 1287 515 1368 petis?
536 1287 586 1348 Do
600 1287 735 1367 pignore
749 1291 834 1348 certe
850 1287 990 1349 timendo

161 1386 195 1444 et
209 1383 312 1464 patrio
326 1387 415 1464 pater
429 1403 494 1445 esse
507 1387 594 1444 metu
613 1367 755 1465 probor.'
782 1383 920 1464 Adspice
936 1386 1042 1446 vultus

162 1501 232 1542 ecce
247 1500 346 1556 meos3
369 1481 554 1562 utinamque
569 1481 676 1542 oculos
690 1480 724 1541 in
739 1485 865 1561 pectora
880 1502 983 1562 posses

163 1579 302 1640 inserere
316 1582 348 1639 et
361 1577 481 1658 patrias
495 1578 583 1639 intus
601 1578 795 1658 deprendere
810 1598 900 1639 curos
916 1581 923 1640 !

163 1677 309 1757 Denique
324 1675 475 1757 quicquid
490 1675 585 1737 habet
599 1676 697 1749 dives,
715 1676 931 1756 circumspice,
949 1677 1098 1750 munduS,

161 1794 241 1855 eque
255 1778 355 1836 totae
370 1774 469 1836 tantis
483 1775 559 1835 caeli
575 1778 739 1853 terraeque
750 1773 907 1854 marisque

161 1893 254 1954 posce
270 1872 359 1933 honis
372 1872 507 1952 aliquid:
531 1872 651 1932 nullam
666 1871 785 1952 potiere
800 1871 967 1950 repulsam.

162 1971 323 2051 Deprecor
336 1970 397 2030 hoc
410 1989 523 2043 unum,
541 1969 622 2050 qnod
640 1988 713 2029 vero
728 1968 858 2029 nomine
873 1987 984 2048 poeno,

163 2089 229 2130 non
242 2069 344 2129 honor
358 2072 419 2129 est:
441 2086 585 2147 poenum,
605 2065 783 2138 Phaethon,
795 2086 852 2146 pro
867 2085 997 2128 munere
1012 2068 1121 2147 poscis.

247 2164 350 2239 ‘Quid
366 2185 435 2226 mea
449 2164 529 2225 colla
545 2168 633 2225 tenes
648 2163 782 2236 blandis,
798 2163 915 2242 ignare,
933 2163 1082 2225 lacertis?
1205 2170 1263 2226 100

162 2264 213 2324 Nc
228 2262 350 2335 dubita,
367 2261 497 2323 dabitur
512 2260 653 2341 (Stygias
668 2259 843 2321 iuravimus
858 2260 972 2340 undas)

162 2360 385 2441 quodcumque
399 2358 532 2439 optaris:
554 2358 608 2419 sed
623 2363 659 2418 tu
675 2357 849 2437 sapientius
864 2358 963 2437 optu.’

244 2457 387 2517 Finierat
401 2456 556 2516 monitus:
579 2455 673 2516 dictis
688 2459 795 2516 tamen
810 2455 863 2516 ille
878 2459 1035 2535 repugnat

162 2553 423 2636 propositumque
438 2553 555 2634 premit
570 2553 744 2633 flagratque
759 2552 909 2632 cupidine
923 2573 1044 2613 currus.

246 2651 331 2730 Ergo
346 2671 407 2730 qua
420 2649 513 2711 licuit
527 2649 653 2729 genitor
667 2653 836 2710 cunctatus
851 2650 890 2710 ad
905 2649 985 2710 altos
1206 2655 1263 2711 105

163 2748 295 2810 deducit
309 2747 466 2820 iuvenem,
484 2748 640 2808 Vulcania
657 2767 800 2819 munera,
818 2767 938 2807 currus.

164 2847 291 2907 Aureus
304 2845 457 2918 arriserat,
475 2849 560 2905 temo
574 2865 697 2920 aureus,
716 2864 812 2904 aurea
826 2864 966 2904 summae

164 2947 334 3007 curvatura
348 2949 445 3015 rotae,
463 2942 623 3003 radiorum
639 2944 807 3020 argenteus
823 2943 913 3016 ordo;

164 3061 222 3123 per
235 3041 310 3120 iuga
324 3040 509 3120 chrysolithi
524 3039 706 3120 positaeque
721 3059 758 3100 ex
774 3039 883 3100 ordine
898 3059 1039 3117 gemmae

164 3139 250 3200 clara
264 3157 444 3217 repercusso
459 3136 632 3197 reddebant
646 3136 770 3196 lumina
785 3135 921 3196 Phoebo.
1207 3140 1263 3196 110

247 3234 395 3314 Dumque
409 3254 445 3294 ca
460 3233 680 3312 magnanimus
696 3232 866 3293 Phaethon
881 3232 1015 3293 miratur
1028 3252 1167 3311 opusque

165 3331 327 3414 perspicit,
343 3333 413 3392 ccco
429 3331 504 3410 vigil
520 3329 617 3390 rutilo
632 3329 783 3410 patefecit
797 3331 836 3390 ab
851 3333 922 3390 ortu

165 3449 340 3511 purpureas
354 3429 479 3490 Aurora
492 3430 576 3489 fores
591 3431 622 3489 et
636 3428 730 3507 plena
745 3447 886 3507 rosarum

165 3526 256 3588 atria.
302 3525 489 3604 Diffugiunt
502 3525 620 3598 stellae,
639 3545 773 3604 quarum
788 3524 915 3604 agmine
929 3524 1014 3603 cogit

167 3623 298 3686 Lucifer
312 3628 344 3685 et
358 3623 434 3685 caeli
449 3623 584 3684 statione
604 3622 792 3683 novissimus
806 3622 880 3682 exit.
1207 3624 1264 3682 115

168 3723 268 3798 Quem
284 3727 390 3803 petere
405 3726 442 3782 ut
456 3725 555 3784 terras
575 3721 794 3799 mundumque
809 3719 970 3780 rubescere
985 3717 1066 3778 vidit
1095 3773 1097 3777 ,

168 3835 348 3897 cornuaque
363 3819 521 3877 extremae
536 3815 625 3875 velut
640 3832 822 3875 evanescere
836 3811 941 3882 lunae,

168 3915 300 3994 iungere
315 3934 410 3995 equos
425 3914 523 3974 Titan
537 3912 696 3974 velocibus
711 3911 846 3990 imperat
862 3908 966 3968 Horis.

169 4013 259 4074 Iussa
273 4012 349 4074 deae
364 4011 477 4074 celeres
491 4016 660 4093 peragunt,
678 4007 846 4088 ignemque
861 4004 1031 4072 vomentes,
