2964 4380
106 283 109 288 Δ
208 216 248 277 28
407 232 435 276 1².
461 231 576 277 ov1n11
598 231 749 280 rasonis
771 233 932 280 oramus
955 234 1110 282 sennem.

289 379 432 443 Tantum
445 383 577 445 aberant
590 403 724 457 summo,
743 389 899 464 quantum
914 387 1008 447 semel
1022 386 1068 448 ire
1084 386 1199 468 sagitta
1251 393 1309 451 695
1473 431 1474 516 q

207 477 302 540 missa
316 484 434 559 potest:
456 480 569 542 flexere
584 481 690 542 oeulos
705 486 737 543 et
751 503 852 544 mersa
863 483 978 562 palude

207 582 310 640 cetera
324 578 533 659 prospiciunt,
554 582 679 639 tantum
693 600 748 640 sua
764 584 847 642 tecta
861 601 996 642 manere.

208 675 357 756 Dumque
372 697 408 737 ea
422 677 590 750 mirantur,
608 677 684 737 dum
701 677 818 738 deflent
833 679 900 740 iata
914 699 1055 753 suorum,

207 774 262 834 illa
277 778 376 847 vetus,
393 775 531 835 dominis
545 775 641 836 etiam
656 795 725 836 oasa
739 768 974 855 parva'duobus

206 871 344 932 vertitur
357 872 391 931 in
406 873 577 952 templum:
599 873 705 932 fureas
720 873 841 934 subiere
854 873 1031 955 columnae,

207 969 360 1030 stramina
374 969 556 1043 flavescunt,
573 974 743 1050 aurataque
759 974 843 1031 tootu
858 971 1007 1032 videntur

207 1067 403 1146 caelataeque
417 1066 500 1127 fores
514 1067 725 1146 adopertaque
740 1087 895 1128 marmore
907 1069 1012 1130 tellus.

288 1163 378 1223 Talia
393 1167 462 1223 turn
477 1163 601 1242 placido
617 1163 785 1224 Saturnius
802 1164 903 1225 edidit
917 1185 985 1226 ore:

208 1260 218 1288 ‘
231 1259 346 1333 Dicite,
365 1259 446 1320 iuste
461 1281 555 1321 senex
569 1265 601 1322 et
615 1261 736 1322 femina
750 1261 884 1341 coniuge
899 1262 982 1324 iusto

206 1357 313 1436 digna,
332 1357 409 1437 quid
424 1358 563 1439 optetis’
608 1358 689 1418 (lum
707 1359 844 1420 Baucide
859 1379 959 1439 pauca
973 1361 1098 1422 loeutus

206 1454 362 1515 iudicium
377 1455 497 1536 superis
512 1455 613 1534 aperit
627 1476 795 1517 commuue
812 1457 993 1518 Philemon:

208 1552 304 1613 ‘Esse
320 1553 493 1614 sacerdotes
508 1553 699 1633 delubraque
714 1557 816 1614 vestra
831 1555 913 1615 tueri

205 1650 378 1730 poscimus;
401 1653 433 1711 et
448 1650 597 1730 quoniam
612 1651 781 1712 concordes
796 1651 918 1730 egimus
932 1673 1031 1714 annos

205 1747 330 1808 auferat
345 1747 421 1808 hora
436 1747 514 1808 duos
528 1748 647 1821 eadem,
666 1768 724 1808 nee
738 1749 882 1829 coniugis
897 1769 1037 1830 unquam

207 1844 298 1906 busta
312 1865 398 1905 meae
415 1844 547 1918 videam,
565 1865 627 1906 neu
642 1845 701 1906 sim
716 1847 927 1908 tumulandus
942 1850 980 1908 ab
995 1849 1073 1909 illa'

286 1942 371 2003 Vota
385 1941 462 2002 fides
476 1942 627 2021 sequitur.
673 1942 799 2022 Templi
814 1944 915 2004 tutela
929 1941 1030 2019 fue‘re,

205 2038 305 2100 donee
320 2039 385 2099 vita
400 2040 474 2100 data
488 2043 544 2100 est.
589 2039 692 2100 Annis
706 2060 843 2121 aevoque
858 2042 954 2102 soluti

204 2140 278 2197 ante
293 2136 410 2215 gradus
425 2156 526 2197 sacros
540 2156 613 2196 oum
629 2140 749 2198 starent
764 2138 847 2198 forte
861 2139 984 2218 locique

205 2238 372 2295 narrarent
386 2253 485 2308 casus,
502 2234 650 2295 frondere
666 2234 853 2296 Philemona
869 2236 993 2310 Baucis,

205 2331 345 2392 Baucida
360 2331 523 2411 conspexit
537 2330 641 2392 senior
658 2332 806 2393 frondere
822 2332 1000 2394 Philemon.

204 2428 335 2508 Iamque
350 2449 444 2509 super
458 2429 599 2508 geminos
614 2433 770 2490 crescente
786 2430 949 2492 cacumine
963 2432 1072 2493 vultus

204 2530 327 2600 mutua,
346 2528 423 2587 dnm
438 2527 540 2599 licuit,
558 2527 732 2587 reddebant
746 2527 831 2590 dicta
848 2527 966 2589 ‘Vale'
983 2548 1042 2608 que

206 2624 236 2685 ‘o
250 2624 408 2685 coniunx’
426 2625 531 2686 dixere
547 2624 651 2696 simul,
667 2625 761 2686 simul
776 2625 884 2687 abdita
899 2627 978 2688 texit

96 2782 103 2796 x
204 2739 257 2782 ora
272 2722 387 2783 frutex.
435 2721 583 2782 Ostendit
596 2721 701 2782 adhue
717 2722 928 2802 Thymbrelus
943 2723 1009 2785 illio

203 2817 307 2880 incola
321 2819 360 2880 de
374 2818 500 2899 gemino
516 2817 635 2880 vicinos
650 2837 777 2899 corpore
792 2823 929 2882 truncos.

384 3142 432 3203 11.
482 3139 704 3203 ORPHEUS
729 3143 829 3203 ΛΝΒ
858 3144 1115 3208 EURYDIOE'.

538 3315 541 3321 ’
564 3335 640 3380 uer.
667 3336 699 3381 x.
720 3325 808 3394 1-63,
828 3325 937 3385 72-77.

155 3532 158 3538 s
282 3495 362 3558 Inde
377 3515 433 3576 per
447 3494 626 3558 inmensum
643 3517 750 3558 orooeo
766 3499 886 3560 velatus
901 3501 1018 3562 amictu

201 3594 328 3655 aethera
343 3593 521 3672 digreditur
537 3593 753 3674 Ciconumque
770 3596 972 3676 Hymenaeus
986 3600 1026 3660 ad
1042 3619 1110 3661 oras

201 3692 306 3753 tendit
321 3696 353 3753 et
369 3691 497 3771 Orphea
512 3692 703 3773 nequiquam
720 3713 792 3754 vooe
810 3699 946 3756 vocatur.

200 3790 319 3852 Adfuit
334 3791 387 3853 ille
403 3791 542 3871 quidem,
560 3792 612 3851 sed
628 3811 686 3852 neo
701 3792 865 3853 sollemnia
879 3794 971 3854 verba

200 3911 258 3951 neo
273 3890 370 3952 laetos
385 3889 492 3950 vultus
508 3908 564 3950 neo
579 3888 656 3948 felix
671 3889 782 3948 attulit
797 3909 898 3950 omen.

200 3989 267 4048 Fax
283 4005 417 4067 quoque,
435 4005 529 4064 quam
548 3984 662 4058 tenuit,
680 3985 845 4046 lacrimoso
859 3986 995 4047 stridula
1009 3988 1100 4050 lumo
