2964 4380
435 215 487 265 ΔΝ
509 216 860 265 AUTOBIOGRAPHIOAL
880 219 1020 266 SKETOH.

274 437 323 508 14.
361 434 436 499 ΑΝ
457 433 953 499 AUTOBIOGRAPHIOAL
981 435 1177 500 SKETOH.

600 613 706 659 rarsr.
729 614 779 660 1v.
804 602 853 659 10.

179 758 239 821 Ille
253 778 320 839 ego,
338 757 393 840 qui
408 757 536 832 fuerim,
553 763 735 821 tenerorum
750 759 837 821 lusor
850 779 1005 835 amorum,
1105 839 1107 842 Ι

220 876 314 938 quem
329 855 417 936 legis,
434 859 471 917 ut
485 856 581 932 noris,
598 856 703 937 accipe
718 856 898 938 posteritas!

180 952 290 1015 Sulmo
302 953 383 1015 mihi
397 953 501 1035 patria
515 957 572 1028 cst,
589 954 702 1034 gelidis
715 954 895 1016 uberrimus
909 954 1015 1029 undis,

219 1051 307 1113 milia
320 1051 376 1132 qui
391 1051 521 1113 noviens
535 1051 633 1114 distat
647 1053 686 1114 ab
700 1052 778 1114 urbe
792 1049 912 1114 decem.

179 1148 296 1210 Editus
309 1149 361 1210 hic
375 1168 433 1229 ego
447 1169 529 1224 sum,
546 1169 604 1211 neo
618 1169 683 1212 non
697 1154 736 1211 ut
749 1153 893 1230 tempora
906 1149 1002 1224 noris,

219 1266 292 1308 cum
307 1246 421 1308 cecidit
435 1248 503 1309 fato
516 1247 627 1309 consul
641 1250 775 1327 uterque
789 1247 869 1328 pari.

180 1342 290 1424 Siquid
307 1344 340 1405 id
354 1348 413 1419 est,
430 1364 530 1425 usque
543 1365 562 1406 a
576 1344 700 1426 proavis
716 1348 805 1406 vetus
819 1344 940 1406 ordinis
953 1344 1053 1420 heres,

219 1461 284 1504 non
298 1443 392 1504 modo
405 1444 554 1504 fortunae
569 1461 700 1504 munere
713 1443 819 1522 factus
832 1452 936 1524 equ'es.

180 1539 247 1600 Nec
261 1539 356 1619 stirps
371 1539 473 1619 prima
487 1538 551 1600 fui:
572 1539 682 1619 genito
696 1559 767 1600 sum
782 1540 881 1600 fratre
895 1541 1029 1614 creatus,

219 1635 274 1716 qui
290 1636 391 1697 tribus
403 1639 478 1698 ante
493 1643 603 1716 quater
617 1636 778 1698 mensibus
791 1640 880 1699 ortus
893 1639 971 1699 erat.

180 1733 310 1795 Lucifer
323 1733 489 1795 amborum
502 1733 662 1796 natalibus
676 1733 782 1796 adfuit
797 1734 895 1796 idem:

220 1851 284 1892 una
298 1831 453 1894 celebrata
465 1834 513 1893 est
526 1851 583 1912 per
597 1832 661 1894 duo
675 1831 739 1894 liba
753 1832 834 1893 dies:

179 1929 256 1991 haec
270 1932 318 1990 est
331 1928 496 1990 armiferae
510 1928 599 1991 festis
614 1930 653 1990 de
668 1929 808 2010 quinque
823 1928 995 2004 Minervae,

221 2046 300 2106 quae
313 2026 381 2088 fieri
395 2046 505 2107 pugna
518 2026 622 2106 prima
638 2028 770 2088 cruenta
784 2026 871 2088 solet.

180 2123 331 2185 Protinus
344 2123 518 2185 excolimur
532 2122 643 2196 teneri,
660 2142 797 2203 curaque
811 2123 951 2204 parentis

220 2220 303 2282 imus
316 2221 356 2304 ad
371 2221 511 2301 insignes
525 2220 612 2282 urbis
626 2221 665 2281 ab
679 2223 745 2282 arte
760 2220 852 2282 viros.

180 2317 292 2380 Frater
306 2319 345 2379 ad
360 2317 521 2398 eloquium
536 2316 630 2378 viridi
645 2317 795 2379 tendebat
809 2317 847 2378 ab
862 2336 948 2392 aevo,

220 2415 317 2477 fortia
331 2415 451 2477 verbosi
466 2418 560 2477 natus
574 2415 614 2476 ad
629 2434 716 2476 arma
729 2414 807 2490 fori3

180 2516 214 2573 at
228 2513 308 2574 mihi
322 2513 385 2574 iam
400 2532 497 2593 puero
511 2511 656 2574 caelestia
670 2532 756 2574 sacra
770 2511 947 2591 placebant,

221 2609 317 2690 inque
331 2630 424 2671 suum
439 2610 554 2671 furtim
568 2610 660 2671 Musa
674 2610 819 2671 trahebat
833 2629 922 2690 opus.

181 2706 279 2787 Saepe
293 2710 383 2787 pater
397 2707 494 2768 dixit:
518 2706 689 2770 ‘Studium
704 2706 779 2786 quid
796 2706 910 2768 inutile
925 2709 1086 2788 temptas?

222 2804 403 2866 Maeonides
416 2805 520 2866 nullas
534 2804 599 2884 ipse
614 2803 743 2884 reliquit
758 2805 856 2884 opes’

181 2903 289 2965 Motus
302 2921 387 2964 eram
402 2902 496 2963 dictis
510 2905 638 2982 totoque
654 2901 807 2963 Helicone
822 2901 931 2963 relicto

221 3000 355 3062 scribere
370 3000 563 3081 temptabam
579 2999 671 3062 verba
685 2999 788 3060 soluta
801 2998 913 3059 modis.

181 3097 301 3178 Sponte
315 3117 371 3158 sua
385 3116 512 3158 carmen
526 3115 673 3157 numeros
687 3095 832 3157 veniebat
846 3096 886 3156 ad
900 3098 1005 3176 aptos:

222 3194 372 3275 quicquid
388 3194 581 3275 temptabam
595 3193 740 3266 scribere,
758 3213 863 3254 versus
877 3196 955 3254 erat.

181 3291 308 3353 Interea
322 3291 418 3353 tacito
432 3310 524 3372 passu
539 3289 717 3351 labentibus
732 3289 824 3351 annis

221 3388 350 3450 liberior
363 3388 455 3450 fratri
470 3391 597 3468 sumpta
611 3386 752 3468 mihique
768 3390 841 3467 toga
854 3390 912 3458 est,

182 3485 390 3566 induiturque
405 3484 522 3547 umeris
535 3505 608 3546 cum
623 3484 688 3545 lato
702 3503 846 3564 purpura
859 3484 961 3545 clavo:

221 3587 255 3645 et
269 3583 410 3645 studium
424 3583 525 3656 nobis,
543 3583 626 3663 quod
641 3581 706 3643 fuit
719 3584 805 3654 ante,
822 3584 938 3642 manet.

182 3682 314 3762 Iamque
329 3681 435 3742 decem
451 3679 532 3742 vitae
546 3680 645 3741 frater
658 3679 873 3759 geminaverat
886 3697 996 3751 annos,

222 3798 296 3841 cum
311 3778 404 3858 perit,
421 3781 453 3840 et
467 3777 554 3858 coepi
569 3781 658 3857 parte
672 3797 777 3839 carere
790 3777 861 3838 mei.

184 3876 334 3958 Cepimus
347 3883 380 3939 st
393 3879 518 3938 tenerae
532 3875 650 3956 primos
664 3875 775 3936 aetatis
789 3875 933 3948 honores,

223 3975 324 4056 deque
338 3973 414 4037 viris
429 3974 589 4056 quondam
603 3992 675 4054 pars
689 3972 792 4035 tribus
806 3993 871 4035 una
883 3971 943 4034 fui.

1237 216 1277 282 73
