2964 4380
256 186 278 247 6
454 203 481 247 r.
507 202 621 248 ovrnn
643 201 793 248 ussours
815 202 977 248 ussurus
1000 200 1156 246 sensere.

142 363 147 370 “
253 352 391 414 vestibus
405 361 437 414 et
451 353 559 433 capiti,
576 354 711 415 flectunt
724 353 856 434 vestigia
869 357 995 415 sanctae

252 451 293 512 ad
307 449 439 512 delubra
452 451 538 525 deae,
556 472 691 532 quorum
705 452 833 531 fastigia
847 451 935 533 turpi

252 547 413 628 pallebant
429 568 535 610 musco
549 550 737 630 stabantque
751 548 818 611 sine
832 549 960 629 ignibus
973 569 1054 611 arae.

252 644 301 708 Ut
316 645 426 726 templi
440 646 572 727 tetigere
585 648 713 727 gradus,
730 647 912 728 procumbit
925 651 1058 727 uterque

252 763 371 824 pronus
385 743 476 804 humi
490 745 659 826 gelidoque
674 765 789 826 pavens
803 745 893 806 dedit
907 745 1014 806 oscula
1027 765 1112 818 saxo,

252 846 348 922 atq'ue
362 841 407 903 ita
424 841 477 904 ‘si
493 843 656 922 precibus’
672 843 823 904 dixerunt
839 842 993 903 ‘numina
1006 842 1098 902 iustis

253 938 336 999 victa
350 938 583 1013 remollescunt‚
600 939 625 1000 si
641 939 781 1000 flectitur
795 939 842 1000 ira
855 940 998 1012 deorum,

253 1036 315 1110 dic,
333 1036 459 1110 Themi,
476 1056 538 1117 qua
552 1037 675 1116 generis
689 1038 841 1098 damnum
858 1037 1031 1118 reparabile
1045 1036 1145 1097 nostri

252 1137 319 1194 arte
334 1133 386 1207 sit,
402 1137 435 1195 et
447 1134 557 1195 mersis
570 1135 620 1210 iar
633 1154 736 1214 opem,
753 1134 931 1206 mitissima,
948 1134 1065 1195 rebus.’

334 1231 422 1314 Mota
436 1232 494 1292 dea
507 1237 555 1292 cst
568 1237 746 1312 sortemque
761 1232 865 1293 dedit:
890 1232 1069 1293 ‘Discedite
1084 1232 1203 1311 templo

252 1337 284 1388 et
299 1329 399 1390 velate
413 1333 509 1409 capnt
523 1329 705 1410 cinctasque
719 1329 864 1392 resolvite
879 1333 978 1391 vestes

252 1445 381 1506 ossaque
396 1430 466 1507 post
482 1429 605 1506 tergum
621 1447 753 1508 magnae
767 1425 881 1488 iactate
895 1426 1061 1507 parentis.’

334 1522 522 1602 Obstipuere
536 1524 603 1598 diu,
620 1525 805 1605 rumpitque
819 1524 945 1586 silentia
959 1544 1033 1586 voce

253 1619 375 1700 Pyrrha
389 1620 475 1701 prior
489 1620 641 1702 iussisque
656 1622 731 1683 deae
745 1641 853 1702 parere
868 1626 1001 1696 recusat,

252 1717 369 1798 detque
384 1717 442 1779 sibi
459 1718 593 1793 vesiana
610 1717 724 1799 pavido
739 1723 829 1798 rogat
843 1739 906 1791 ore,
923 1723 1078 1799 pavetque

253 1814 374 1876 laedere
388 1815 511 1876 iactatis
526 1819 682 1877 maternas
696 1815 816 1877 ossibus
830 1816 966 1876 umbras.

253 1911 378 1974 Interea
393 1915 542 1992 repetunt
555 1913 654 1974 caecis
668 1914 799 1974 obscura
813 1912 941 1974 latebris

252 2010 346 2072 verba
360 2011 451 2071 datae
466 2010 557 2072 sortis
572 2030 677 2072 secum
693 2011 885 2092 interneque
900 2011 1055 2072 volutant.

253 2107 333 2170 Inde
349 2108 567 2170 Promethides
581 2108 713 2188 placidis
728 2108 935 2189 Epimethida
949 2107 1042 2170 dictis

253 2206 372 2267 mulcet
386 2211 418 2267 et
434 2205 521 2267 ‘Aut
535 2206 652 2267 lallax'
668 2206 713 2268 ait
730 2207 796 2268 ‘est
810 2205 948 2267 sollertia
960 2204 1059 2278 nobis,

252 2307 309 2365 aut
323 2303 376 2384 pia
389 2307 465 2364 sunt
480 2304 669 2384 nullumque
683 2305 772 2365 nefas
786 2304 912 2365 oracula
925 2303 1068 2364 arrodent.

254 2401 371 2481 Magna
384 2420 498 2481 parens
512 2404 595 2462 terra
609 2405 666 2474 est,
683 2401 803 2482 lapides
818 2401 851 2461 in
866 2420 996 2481 corpore
1009 2403 1110 2461 terrae

253 2519 321 2560 ossa
335 2517 404 2560 reor
418 2497 497 2574 dici;
519 2497 618 2559 iacere
632 2497 689 2560 hos
703 2501 775 2578 post
790 2502 877 2578 terga
891 2497 1063 2560 iubemur.'

334 2595 487 2676 Coniugis
500 2596 634 2676 augurio
649 2616 842 2677 quamquam
857 2595 986 2657 Titania
1000 2599 1086 2656 mota
1099 2597 1156 2668 est,

253 2713 324 2774 spes
337 2696 443 2754 tamen
458 2692 492 2753 in
507 2693 604 2754 dubio
618 2697 679 2754 est:
702 2694 779 2754 adeo
793 2693 978 2754 caelestibus
992 2692 1084 2753 ambo

253 2791 405 2851 diffidunt
420 2791 559 2851 monitis.
604 2791 665 2852 Sed
680 2791 757 2871 quid
772 2795 930 2871 temptare
944 2789 1095 2852 nocebit?

254 2889 432 2949 Discedunt
446 2888 614 2968 velantque
628 2891 724 2968 caput
739 2889 924 2968 tunicasque
939 2888 1108 2966 recingunt

252 2989 286 3046 et
300 2985 398 3046 iussos
411 2985 532 3066 lapides
546 3005 602 3045 sua
616 2988 688 3064 post
705 2986 833 3064 vestigia
848 2985 993 3045 mittunt.

335 3082 415 3144 Saxa
431 3081 515 3162 (quis
529 3081 589 3143 hoc
603 3083 721 3156 crerint,
738 3082 799 3143 nisi
814 3082 855 3142 sit
869 3102 926 3162 pro
941 3084 1020 3142 teste
1035 3083 1174 3141 vetustas
1183 3079 1213 3160 l)

254 3199 369 3260 ponere
383 3179 534 3240 duritiem
549 3199 678 3259 coepere
693 3200 849 3260 suumque
864 3180 1000 3259 rigorem

254 3276 434 3357 mollirique
448 3297 536 3337 mora
550 3277 735 3356 mollitaque
749 3277 863 3338 ducere
877 3277 1023 3337 formam.

255 3375 330 3435 Mox
345 3373 400 3434 ubi
415 3377 582 3435 creverunt
596 3377 772 3454 naturaque
786 3374 896 3436 mitior
909 3373 973 3434 illis

254 3471 400 3550 contigit,
417 3474 455 3531 ut
469 3472 634 3551 quaedam,
645 3460 695 3532 ¹sic
710 3491 773 3533 non
789 3471 967 3543 manifesta,
984 3469 1084 3531 videri

254 3571 357 3630 forma
371 3573 474 3648 potest
487 3569 637 3641 hominis,
654 3569 719 3644 sed,
737 3568 785 3629 uti
801 3570 839 3630 de
855 3587 1009 3628 marmore
1023 3570 1145 3648 coepta,

254 3688 319 3728 uon
333 3671 443 3728 exacta
457 3667 531 3728 satis
546 3667 739 3747 rudibusque
754 3667 915 3728 simillima
930 3665 1037 3745 signis.

255 3765 341 3839 Quae
355 3767 462 3825 tamen
477 3785 515 3825 ex
530 3763 592 3824 illis
607 3763 713 3843 aliquo
727 3783 798 3844 pars
813 3764 922 3824 umida
936 3783 1010 3824 suco

254 3867 286 3924 et
301 3866 425 3923 terrena
438 3862 514 3935 fuit,
531 3881 619 3922 versa
632 3865 679 3921 est
694 3861 727 3920 in
742 3862 880 3941 corporis
895 3880 1002 3934 usum3

255 3959 340 4039 quod
355 3957 491 4019 solidum
507 3968 555 4018 est
569 3957 715 4037 flectique
730 3959 851 4037 nequit,
869 3962 1013 4017 mutatur
1027 3956 1060 4017 in
1076 3975 1158 4031 ossa;

239 4290 334 4325 Ι-..-.,
350 4324 354 4327 ,

1290 3083 1346 3141 400
