2962 4378
214 214 253 279 32
408 215 435 258 P.
461 214 575 260 OVIDII
598 214 747 261 NASONIS
769 213 932 260 caumas
955 214 1110 262 sannam.

211 365 289 438 urit,
306 369 338 426 et
352 365 453 427 inviso
468 365 599 427 meritus
615 370 781 445 torquetur
794 366 833 427 cb
847 385 935 427 auro.

211 463 263 523 Ad
278 463 462 543 caelumque
474 484 586 524 manus
601 469 632 524 ot
647 463 812 543 splendida
827 464 972 525 bracchia
986 463 1101 526 tollens

213 561 283 622 ‘Da
298 561 431 634 veniam,
450 562 571 622 Lenaea
585 565 689 642 pater!
713 561 936 642 peccavimus,’
950 562 1066 642 inquit,

213 659 286 720 ‘sed
302 660 457 732 miserere,
474 679 595 740 precor,
613 659 814 740 speciosoque
830 661 915 742 eripe
931 661 1072 722 damn0.’

292 757 370 818 Mite
385 758 479 818 deum
497 777 629 818 numen:
654 757 796 818 Bacchus
812 777 953 838 peccasse
968 761 1122 819 latentem

209 855 351 915 restituit
364 855 511 935 pactique
527 856 587 915 fide
602 856 676 915 data
691 875 823 917 munera
838 857 941 918 solvit.

140 1023 143 1026 ,
212 953 319 1014 ‘Neve
334 953 415 1014 male
429 957 538 1033 optato
552 973 679 1014 maneas
692 953 891 1014 circumlitus
905 973 992 1026 auro,

210 1051 308 1111 vade’
323 1051 368 1111 ait
385 1051 444 1112 ‘ad
459 1051 581 1130 magnis
597 1051 737 1111 vicinum
754 1051 904 1112 Sardibus
918 1071 1044 1112 amnem

117 1143 120 1149 ’
209 1167 328 1227 perque
343 1147 454 1226 iugum
469 1133 587 1208 montis
601 1147 780 1208 labentibus
795 1148 905 1208 obvius
919 1147 1014 1208 undis

209 1264 302 1324 carpe
316 1244 409 1317 viam,
427 1245 527 1305 donec
541 1243 647 1306 venias
661 1245 701 1305 ad
716 1245 857 1305 fluminis
872 1250 974 1320 ortus3

209 1341 450 1422 spumigeroque
465 1345 557 1402 tuum
572 1341 668 1415 fonti,
686 1361 748 1421 qua
763 1342 920 1422 plurimus
935 1343 1010 1415 exit,

209 1440 308 1501 subde
322 1446 418 1520 caput
432 1459 607 1520 corpusque
622 1439 728 1512 simul,
746 1439 841 1502 simul
857 1441 926 1501 clue
941 1439 1087 1501 crimen'

291 1538 356 1600 Rex
368 1539 467 1599 iussae
482 1537 622 1599 succedit
636 1557 750 1617 aquae„
789 1539 847 1600 Vis
861 1559 955 1601 aurea
970 1538 1068 1598 tinxit

209 1635 328 1696 flumen
342 1639 375 1696 et
389 1635 528 1696 humano
543 1636 582 1695 de
597 1654 726 1715 corpore
741 1635 834 1696 cessit
848 1635 882 1695 in
897 1655 1032 1696 amnem.

210 1731 306 1792 Nunc
321 1752 444 1812 quoque
460 1731 521 1793 iam
539 1731 649 1793 veteris
664 1736 811 1812 percepto
826 1731 945 1793 semine
961 1749 1056 1792 venae

208 1847 282 1890 arva
296 1829 401 1908 rigent
415 1849 491 1890 auro
507 1829 640 1890 madidis
654 1829 947 1910 pallentia-glaebis.
1248 1830 1305 1888 145

210 2039 258 2151 13.
291 2089 385 2150 ΤΗΕ
397 2087 609 2152 CONTEST
620 2089 711 2152 ΝΘΕ
731 2089 824 2150 THE
836 2088 968 2150 Anas
984 2086 1045 2150 OF
1054 2087 1084 2148 A
1096 2085 1302 2150 OHILLES.

478 2267 555 2311 nar.
575 2266 638 2332 xri.
659 2254 812 2325 612-628ς
836 2267 916 2310 xm.
935 2252 1044 2311 1-398.

289 2411 357 2472 Iam
373 2411 468 2472 timor
483 2411 536 2472 ille
551 2411 725 2491 Phrygum,
743 2411 884 2472 decusat
899 2411 1000 2471 tutela
1015 2409 1137 2490 Pelasgi

160 2583 161 2586 Ἴ
209 2509 356 2582 nominis,
374 2508 535 2581 Aeacides,
553 2515 648 2588 caput
668 2501 879 2587 insuperabile
895 2508 986 2581 bello,

208 2609 339 2666 arserat:
362 2612 499 2666 armarat
513 2607 590 2668 deus
605 2607 699 2676 idem,
717 2606 864 2685 idemque
879 2609 1042 2666 cremarat.

209 2704 277 2764 Iam
292 2703 371 2764 cinis
385 2709 442 2776 est,
460 2705 544 2766 etde
559 2709 624 2765 tam
642 2724 755 2783 magno
770 2707 867 2764 restat
881 2704 1007 2765 Achille
1249 2707 1307 2764 615

208 2801 313 2862 nascio
328 2800 416 2880 quid,
430 2822 557 2882 parvam
574 2802 657 2881 quod
674 2822 738 2862 noa
755 2802 832 2862 benc
847 2801 1003 2881 compleat
1018 2819 1146 2862 urnam:

208 2901 241 2958 at
255 2897 336 2958 vivit
351 2901 454 2959 totum
471 2919 548 2980 quae
563 2899 662 2978 gloria
677 2899 833 2978 compleat
848 2899 963 2960 orbem.

209 2994 296 3055 Haec
311 2995 358 3054 illi
373 3015 520 3057 mensura
536 2996 601 3057 viro
616 2997 795 3075 respondet,
813 3000 845 3056 et
859 2995 919 3056 lrao
933 2998 994 3059 est.

208 3111 266 3170 par
280 3091 338 3151 sibi
354 3091 476 3152 Pelides
489 3111 547 3152 nec
560 3091 667 3156 inania
683 3093 814 3153 Tartara
828 3093 935 3153 sentit.

291 3187 363 3266 Ipse
377 3187 483 3260 etiarn,
501 3193 548 3261 ut,
566 3189 656 3250 cuins
670 3189 779 3262 frrerit,
796 3209 981 3268 cognoscere
996 3188 1105 3269 possis,
1250 3192 1308 3250 620

210 3283 292 3343 bella
307 3287 412 3343 movet
426 3284 554 3362 clipeus,
569 3286 669 3364 deque
684 3285 780 3346 armis
794 3306 881 3346 arma
895 3288 1054 3365 feruntur.

211 3379 243 3439 N
245 3398 285 3439 on
301 3398 337 3440 ea
352 3380 499 3458 Tydides,
516 3401 580 3442 non
595 3382 691 3443 audet
707 3382 812 3444 Oileos
827 3383 919 3456 Aiax,

212 3495 275 3535 non
292 3475 396 3536 minor
411 3477 549 3550 Atrides,
567 3499 630 3539 non
646 3479 727 3540 bello
743 3480 843 3540 maior
858 3484 890 3541 et
903 3499 979 3542 aevo

211 3591 349 3652 poscere,
366 3593 431 3633 non
445 3574 514 3635 alii:
537 3576 610 3636 solis
625 3576 796 3638 Telamone
810 3582 914 3638 creato

213 3669 388 3749 Laerteque
404 3671 468 3730 fuit
483 3675 589 3734 tantae
604 3673 721 3735 fiducia
735 3674 848 3736 laudis.

293 3766 322 3826 A
337 3787 369 3828 se
385 3767 567 3832 Tantalides
582 3790 661 3832 onus
677 3771 893 3852 invidiamque
907 3771 1051 3846 removit,

213 3863 439 3944 Argolicosque
453 3866 548 3928 ducos
562 3868 675 3930 mediis
689 3869 850 3931 considere
865 3869 974 3932 castris

212 3960 315 4034 iussit,
332 3965 364 4023 et
378 3961 545 4026 arbitrium
561 3955 627 4028 litis
641 3965 765 4029 traiecit
779 3967 813 4028 in
828 3987 945 4031 ornnes.
