2964 4380
212 206 256 270 66
409 222 437 268 Ρ.
463 219 577 265 ovrnn
600 218 752 266 unsours
773 218 935 265 carmus
957 217 1113 265 sunnors.

213 371 320 435 Obrue
334 375 456 434 uersata
471 369 610 433 Cerealia
624 369 744 432 semina
758 372 852 440 terra,

252 489 331 550 quae
345 468 404 530 tibi
420 487 492 552 cum
508 468 611 530 multo
625 468 753 530 faenore
769 468 881 528 reddat
895 487 977 546 agor.

211 563 350 645 Adspice
364 565 510 624 curvatos
523 581 690 642 pomorum
706 561 844 642 pondere
859 581 972 636 ramos,

251 665 289 722 nt
303 675 370 736 sua,
387 662 471 741 quod
485 661 618 742 peperit,
636 660 690 723 vix
704 661 787 722 ierat
801 659 893 722 arbor
907 680 999 722 onus.

211 759 349 840 Adspice
363 760 504 821 labentes
517 759 659 820 iucundo
673 778 838 819 murmure
852 758 948 820 riuos:

251 857 376 938 adspice
390 858 558 918 tondentes
572 856 677 918 fertile
691 877 822 937 gromen
837 876 919 918 oves.

212 955 304 1029 Ecce,
321 958 437 1035 petunt
450 975 544 1036 rupes
557 958 790 1035 praeruptaque
805 974 878 1015 saxa
891 954 1042 1035 capellae:

251 1052 314 1114 iam
330 1053 468 1114 referent
481 1052 589 1114 hoedis
603 1053 700 1114 ubera
713 1052 808 1132 plena
822 1051 895 1112 suis.

212 1150 323 1212 Pastor
336 1149 494 1230 inaequali
510 1150 693 1211 modulatur
707 1149 863 1211 arundine
877 1169 1018 1212 carmen:

251 1267 310 1310 nee
324 1248 439 1309 desunt
453 1247 593 1320 comites,
611 1247 720 1309 sedula
734 1248 838 1320 turba,
856 1266 956 1308 canes.

212 1344 307 1407 Parte
321 1347 435 1406 sonant
449 1344 510 1406 alia
523 1345 620 1407 silvae
634 1344 811 1424 mugitibus
825 1344 918 1418 altae,

252 1445 284 1503 et
299 1441 443 1522 queritur
457 1441 596 1504 vitulum
611 1445 711 1504 mater
725 1443 829 1504 abesse
843 1431 947 1503 suum.

212 1539 308 1615 Quid,
325 1559 399 1601 cum
414 1539 603 1620 compositos
617 1539 750 1620 lugiunt
763 1539 910 1601 examina
923 1539 1039 1613 fumos,

215 1627 217 1632 ’
252 1641 290 1699 ut
304 1638 443 1700 releuant
457 1637 579 1719 dempti
595 1637 714 1700 vimina
728 1640 813 1698 torta
826 1636 917 1699 iovi?

213 1735 311 1797 Poma
325 1736 381 1796 dat
395 1738 583 1810 autumnum
605 1736 743 1797 formosa
756 1739 805 1796 est
819 1735 971 1796 messibus
985 1736 1098 1796 aestas:

252 1852 307 1894 ver·
320 1832 449 1913 praebet
463 1833 568 1894 fiores:
590 1832 664 1912 igno
678 1832 802 1894 leuatur
816 1832 926 1894 hiems.

212 1929 421 2011 Temporibus
436 1929 530 1991 certis
544 1933 703 1992 maturam
717 1930 855 1990 rusticus
868 1950 963 1990 uvam

252 2027 375 2107 deligit,
393 2030 425 2089 et
437 2028 526 2089 nudo
540 2027 598 2088 sub
613 2027 692 2108 pede
706 2031 812 2088 musta
826 2027 947 2089 fluunt:

213 2125 408 2206 temporibus
423 2125 516 2186 certis
529 2125 668 2186 desectas
682 2124 802 2202 adligat
816 2124 938 2199 herbas,

253 2230 285 2284 et
298 2227 422 2285 tonsam
437 2242 506 2284 raro
520 2223 645 2303 pectino
660 2222 757 2283 verrit
771 2222 916 2283 humum.

212 2319 285 2402 Ipse
299 2324 388 2402 potes
402 2320 502 2399 riguis
516 2321 658 2400 plantam
673 2321 829 2400 deponere
844 2319 878 2380 in
892 2320 1007 2383 hortis:

253 2419 319 2500 ipse
332 2422 421 2500 potes
436 2417 519 2479 rivos
533 2419 646 2480 ducere
660 2417 741 2479 lenis
755 2437 863 2497 aquae.

212 2516 345 2578 Venerit
360 2515 481 2591 insitio;
504 2515 555 2577 fac
570 2535 693 2577 ramum
708 2535 814 2576 ramus
828 2516 969 2595 adoptet,

253 2617 376 2694 stetque
391 2612 565 2694 peregrinis
579 2613 671 2674 arbor
685 2615 795 2692 operta
809 2612 914 2673 comis.

214 2710 296 2773 Cum
311 2711 407 2772 semel
421 2711 498 2772 haec
512 2710 655 2771 animum
670 2710 774 2791 eoepit
788 2710 926 2771 mulcere
940 2710 1095 2791 voluptas,

255 2809 412 2871 debilibus
425 2807 539 2888 pennis
553 2807 669 2869 inritus
684 2807 749 2869 exit
763 2807 874 2868 Amor.

213 2905 274 2967 Vel
288 2909 325 2967 tu
339 2904 475 2967 venandi
491 2904 633 2966 studium
648 2899 729 2965 oola:
752 2924 841 2984 saepe
856 2904 981 2965 recessit

254 3002 393 3083 turpiter
406 3022 425 3063 a
439 3001 558 3064 Phoebi
573 3002 656 3063 victa
670 3021 773 3062 sorore
788 3002 906 3062 Venus.

214 3101 310 3162 Nune
324 3100 462 3181 leporem
477 3119 613 3180 pronum
629 3099 734 3160 catulo
749 3102 867 3160 sectare
881 3099 998 3178 sagaci3

254 3216 342 3258 nuno
356 3200 413 3257 tua
426 3195 584 3257 frondosis
598 3195 677 3257 retia
693 3196 786 3257 tonde
800 3195 898 3276 iugis3

212 3298 270 3356 aut
284 3294 413 3375 pauidos
427 3297 509 3355 terre
525 3293 610 3356 varia
623 3293 795 3355 formidine
810 3313 930 3370 cervos3

252 3394 310 3452 aut
323 3393 415 3453 cadat
429 3392 558 3453 adversa
572 3391 701 3472 cuspide
715 3392 818 3452 fossus
832 3411 915 3471 aper.

213 3489 316 3551 Nocte
329 3489 499 3568 fatigatum
517 3509 655 3563 somnus,
672 3509 737 3550 non
752 3508 827 3551 cura
840 3488 974 3569 puellae,

253 3586 371 3668 excipit
385 3589 417 3648 et
431 3585 545 3667 pingui
559 3587 700 3648 membra
715 3585 820 3666 quiete
833 3585 926 3648 levat.

213 3684 332 3746 Lenius
345 3687 393 3746 est
407 3684 560 3757 studium,
578 3683 721 3744 studium
735 3686 853 3756 tamon,
870 3683 945 3743 alite
959 3685 1051 3764 capta

253 3786 310 3843 aut
323 3782 390 3843 lino
403 3785 460 3844 aut
474 3781 601 3843 calamis
615 3780 755 3862 praemia
768 3800 865 3860 parva
879 3779 980 3860 sequi3

213 3880 273 3954 vel,
292 3900 371 3960 quae
385 3879 479 3960 piscis
493 3880 572 3940 edax
586 3878 679 3940 avido
693 3878 775 3939 male
791 3879 919 3940 devoret
933 3897 997 3951 ore,

253 3978 367 4040 abdere
382 3976 537 4058 supremis
550 3997 621 4039 aera
635 3996 765 4038 recurva
779 3976 867 4037 cibis.
