2986 4376
414 210 587 256 PROVERBS
609 209 684 256 Aul)
706 209 815 256 SHORT
835 209 1047 256 SELECTIONS.

705 365 754 423 58.

183 490 268 570 Nam
283 509 475 571 quamquam
489 511 581 572 sapor
594 495 641 553 est
655 491 761 553 adlata
776 491 879 552 duleis
893 490 927 552 in
941 492 1039 567 unda,

223 588 344 668 gratius
357 608 396 650 ex
410 587 478 670 ipso
491 589 581 650 fonte
594 589 749 650 bibuntur
763 608 870 670 aquae.

401 691 405 702 *
946 669 1237 747 fflRmast

706 834 757 892 59.

184 958 294 1022 Gratia
307 960 367 1035 dis,
384 960 485 1023 menti
500 961 640 1042 quolibet
654 961 699 1023 ire
713 960 799 1023 lieet.

945 1041 1236 1119 fflRmaffl

705 1207 754 1264 60.

184 1329 299 1393 Omnia
313 1337 388 1394 sunt
403 1333 568 1395 hominum
583 1334 673 1395 tenui
687 1333 860 1414 pendentia
873 1335 937 1409 filo,

221 1431 254 1489 et
268 1429 371 1491 subito
385 1449 458 1492 casu
473 1450 552 1511 quae
568 1430 701 1504 valuere,
718 1434 827 1492 ruunt.

951 1511 1237 1588 fflRmaffi

702 1678 750 1736 61.

181 1801 280 1864 Nulla
293 1803 359 1865 dies
372 1803 450 1866 adeo
463 1806 511 1867 est
524 1802 714 1866 australibus
728 1804 837 1867 umida
850 1806 977 1882 nimbis,

219 1919 285 1961 non
299 1899 484 1962 intermissis
498 1904 536 1962 ut
550 1902 627 1963 fluat
641 1901 742 1964 imber
756 1902 854 1983 aquis.
967 1975 971 1984 ,

180 1995 248 2059 Nee
262 1997 376 2058 sterilis
390 1998 478 2060 locus
491 1999 577 2060 ullus
591 1997 707 2074 iisset,
724 2004 762 2060 ut
778 2019 840 2061 non
854 1999 896 2062 sit
910 1999 944 2062 in
958 1999 1014 2063 illo

220 2093 321 2157 mixta
334 2095 400 2156 iere
414 2095 503 2158 duris
517 2095 605 2158 utilis
620 2096 717 2157 herba
728 2097 823 2158 rubis.

179 2190 236 2254 Nil
251 2192 328 2254 adeo
341 2192 472 2254 fortuna
485 2193 588 2273 gravis
603 2193 777 2255 miserabile
790 2193 867 2256 feeit

220 2292 258 2351 ut
272 2289 420 2352 minuant
433 2290 523 2353 nulla
535 2290 651 2372 gaudia
664 2295 754 2372 parte
768 2283 898 2353 malum.

968 2372 1233 2451 fflRmaL

701 2538 748 2596 62.

48 2692 52 2700 ·
181 2661 280 2724 Crede
294 2661 385 2737 mihi,
402 2663 530 2726 miseros
544 2664 714 2744 prudentia
727 2665 830 2746 prima
844 2664 1005 2746 relinquit,

220 2763 253 2820 et
266 2779 373 2822 sensus
387 2779 461 2822 eum
475 2781 508 2822 re
522 2762 750 2841 consiliumque
763 2762 859 2842 fugit.

927 2842 980 2903 Ex
996 2843 1033 2904 Ρ.
1050 2859 1098 2906 1v.
1117 2847 1166 2919 12,
1183 2847 1238 2910 47..

701 3006 748 3065 63.

180 3131 227 3194 At
238 3117 406 3214 postquain
420 3133 551 3197 fortuna
563 3133 623 3197 loci
638 3137 734 3215 eaput
748 3134 864 3197 extulit
877 3134 983 3211 huius,

152 3212 171 3281 ἶ·
220 3235 252 3290 et
267 3229 373 3311 tetigit
388 3250 511 3292 summo
527 3230 641 3294 vertice
655 3232 755 3293 Roma
769 3232 853 3307 deos,

180 3332 346 3389 creverunt
360 3330 393 3390 et
407 3348 480 3410 opes
494 3332 527 3390 et
544 3349 640 3409 opum
655 3329 773 3392 furiosa
787 3329 914 3411 cupido,

220 3428 263 3498 et,
279 3445 353 3486 curn
367 3426 547 3506 possideant
561 3427 710 3509 plurima,
727 3428 819 3509 plura
832 3433 957 3509 petunt.

1004 3525 1101 3591 Frsr.
1121 3544 1143 3590 1.
1162 3529 1234 3590 209.

702 3688 749 3747 64.

180 3811 221 3874 In
235 3813 337 3895 pretio
350 3814 489 3896 pretium
505 3835 590 3880 nune
605 3821 666 3879 est:
688 3817 744 3879 dat
758 3835 868 3880 census
882 3815 1025 3894 honores,

220 3930 331 3974 census
344 3913 513 3989 amicitias3
536 3933 656 3996 pauper
669 3915 787 3996 ubique
800 3913 891 3977 iacet.

443 4001 445 4005 '
1006 3993 1103 4058 Fssr.
1122 4010 1145 4059 1.
1165 3999 1235 4062 217.

1241 174 1283 276 85’
