2964 4380
206 229 249 291 24
402 229 430 274 Ρ.
458 229 571 275 uvmn
594 229 745 277 NASONIS
765 227 929 274 clamne
950 227 1107 274 sanson.

206 399 315 442 rerum
330 399 418 442 amor
431 381 493 456 est;
515 399 616 461 neque
631 379 691 441 orit
705 378 796 440 nobis
809 398 906 459 gener
919 378 973 440 ille
986 378 1114 460 pudori,

206 481 242 540 tu
258 477 362 552 modo,
380 477 462 549 diva,
478 477 564 540 velis.
609 477 657 540 Ut
671 477 777 539 desint
791 484 904 549 cetera,
918 480 1075 557 qnantum
1089 479 1138 538 est

205 594 270 638 esse
285 574 368 636 lovis
381 575 527 637 iratreml
571 573 652 648 Quid
670 575 755 654 quod
770 594 835 635 non
850 578 953 636 cetera
967 576 1083 636 desunt

205 692 264 736 noc
278 672 362 734 ccdit
377 672 437 734 uisi
452 676 534 734 sorte
550 672 654 733 milri?
675 673 727 733 sed
744 675 833 733 tanta
847 672 964 752 cupido

205 770 230 832 si
248 770 304 832 tibi
320 770 444 832 discidii
459 773 516 844 est,
534 773 654 850 repetet
669 770 857 850 Proserpina
871 770 1004 843 caelum,

206 867 274 946 lego
289 871 395 930 temen
410 871 505 940 certa,
519 867 544 929 si
559 866 664 928 nullos
678 867 814 947 contigit
828 866 894 928 illic

205 983 259 1028 ore
272 965 372 1042 cibos;
395 984 468 1027 nem
483 964 526 1027 sic
543 965 711 1026 Parcarum
726 966 851 1026 foedere
865 967 996 1025 cautum
1009 962 1083 1026 est'

287 1061 429 1124 Dixerat.
474 1062 519 1124 At
535 1061 640 1124 Cereri
656 1065 776 1124 certum
792 1065 840 1124 est
853 1063 987 1123 educere
1001 1065 1056 1124 nat
1077 1081 1121 1122 m.

207 1159 280 1222 Non
297 1159 341 1222 itu
354 1161 422 1222 iate
435 1159 557 1234 sinunt,
574 1160 724 1239 quoniam
739 1159 857 1222 ieiunia
872 1159 961 1239 virgo

206 1256 341 1320 solverat
354 1265 397 1332 et,
414 1257 509 1320 cultis
523 1257 600 1318 dum
615 1258 748 1338 simplex
762 1262 846 1318 errat
860 1257 895 1317 in
909 1254 1021 1330 hortis,

207 1353 397 1417 Poeniceum
412 1373 507 1416 curva
522 1355 719 1434 decerpserat
733 1355 841 1415 arbore
856 1373 987 1434 pomum

206 1456 395 1534 sumptaque
410 1451 541 1534 pallenti
556 1455 673 1532 septem
690 1452 729 1513 de
743 1451 858 1512 cortice
872 1471 971 1530 grana

206 1553 359 1632 presserat
373 1569 425 1611 ore
440 1569 506 1611 suo.

287 1648 333 1709 At
347 1647 469 1708 medius
483 1646 654 1726 fratrisque
668 1645 716 1707 sui
731 1649 929 1725 maestaeque
943 1643 1057 1707 sororis

207 1744 354 1826 Iuppiter
368 1764 406 1805 ex
420 1763 519 1826 aequo
533 1744 712 1806 volventem
727 1743 843 1804 dividit
857 1763 990 1804 annum.

207 1842 304 1904 Nune
318 1842 386 1915 dea,
404 1861 573 1921 regnorum
588 1861 707 1902 numen
722 1860 891 1902 commune
905 1841 1054 1914 duorum,

207 1959 280 2002 cum
295 1942 395 2000 matre
410 1942 456 2000 est
471 1938 614 2012 totidem,
632 1937 765 1999 totidem
779 1958 852 1999 cum
868 1937 1003 2018 coniuge
1018 1956 1148 2000 menses.

207 2036 354 2100 Vertitur
368 2036 526 2117 extemplo
541 2036 636 2098 facies
650 2039 683 2097 et
697 2036 813 2097 mentis
827 2040 860 2097 et
874 2035 951 2097 oris:

206 2153 282 2196 nem
297 2134 390 2195 modo
405 2153 484 2214 quae
498 2136 622 2214 poterat
636 2132 705 2194 Diti
721 2153 846 2214 qnoque
861 2136 980 2196 maesta
993 2131 1105 2206 videri,

206 2231 289 2293 lacta
303 2232 378 2293 deae
392 2232 480 2293 trous
494 2235 551 2304 est,
569 2234 606 2291 ut
620 2230 676 2304 eol,
695 2230 749 2310 qui
765 2234 867 2292 tectus
881 2229 1005 2311 aquosis

206 2327 346 2390 nubibus
360 2331 433 2390 ante
447 2327 522 2401 ruit,
539 2326 631 2389 victis
644 2346 662 2389 e
676 2326 814 2389 nubibus
828 2326 903 2389 exit.

425 2655 454 2716 a.
495 2629 751 2716 canorius
777 2651 876 2714 nun
904 2624 1090 2716 Iuncus.

584 2847 661 2891 nnn.
679 2847 759 2891 vrri.
778 2833 927 2892 183-235.

288 3009 446 3071 Daedalus
460 3007 581 3070 interea
596 3008 710 3070 Creten
726 3007 921 3088 longumque
935 3027 1064 3088 perosus

207 3107 352 3168 exsilium
369 3109 532 3186 tactusque
546 3105 607 3167 loci
622 3105 736 3168 natalis
750 3125 855 3167 amore

207 3205 330 3266 clausus
344 3208 411 3265 eret
425 3203 546 3284 pelago.
592 3203 724 3264 ‘Terras
737 3203 832 3264 licet’
848 3201 955 3283 inquit
971 3202 1022 3264 ‘et
1035 3201 1138 3264 undas

207 3303 364 3363 obstruat:
386 3305 419 3362 at
434 3301 554 3362 caelum
570 3304 653 3362 certe
667 3304 770 3380 patet3
794 3299 910 3361 ibimus
924 3298 1007 3360 illac.

209 3399 324 3460 Omnia
337 3399 504 3479 possideat,
521 3418 586 3459 non
601 3398 739 3478 possidet
753 3405 825 3459 aera
841 3397 969 3457 Minos)

288 3496 389 3568 Dixit,
407 3499 439 3558 et
453 3496 577 3575 ignotas
592 3496 735 3556 animum
751 3495 888 3556 dimittit
903 3494 936 3554 in
951 3497 1034 3556 artes

183 3591 185 3594 ’
208 3597 417 3673 naturamque
431 3596 538 3654 novat.
582 3593 666 3654 Nam
680 3593 772 3673 ponit
786 3592 821 3652 in
836 3592 946 3653 ordine
960 3609 1091 3672 pennas,

207 3711 226 3754 a
241 3691 372 3752 minima
387 3695 522 3770 coeptas,
539 3691 666 3770 longam
682 3691 821 3752 breviore
836 3689 991 3770 sequenti,

208 3793 246 3850 ut
259 3789 340 3851 clivo
354 3790 485 3851 crevisse
500 3794 601 3870 putes.
647 3789 699 3850 Sic
714 3789 832 3850 rustica
847 3789 1008 3868 quondam

207 3888 315 3949 fistula
329 3887 506 3967 disparibus
519 3861 791 3967 paulatim¹surgit
805 3885 922 3948 avenis.

211 3984 295 4046 Tum
309 3984 375 4046 lino
390 3984 508 4046 medias
522 3988 554 4046 et
567 3983 646 4045 ceris
660 3985 780 4065 adligat
794 3983 883 4057 imas,
