2964 4380
210 175 249 241 16
410 198 439 242 P.
465 195 579 242 OVIDII
601 195 751 242 NASONIS
773 196 936 242 aluums
959 197 1117 245 SELECTA.

213 346 277 408 huc
291 365 351 426 ope
365 346 520 426 perveni?
541 366 604 427 quo
618 367 668 408 me
685 347 808 408 deferre
822 346 964 427 paratis?
976 349 996 377 ”

215 444 237 472 “
251 445 336 506 Pone
351 444 513 518 metum,'’
531 445 665 505 Proreus
681 444 703 472 “
714 448 745 506 et
761 464 838 524 quos
852 445 1036 524 contingere
1050 452 1159 527 portus

213 543 270 602 ede
284 541 361 603 velis
372 541 394 570 '’
411 541 508 601 dixit:
532 540 555 569 “
566 545 649 602 terra
663 541 771 603 sistere
785 541 924 622 petita.’'
940 580 980 589 -
1256 545 1313 603 635

216 638 238 666 “
250 639 363 700 Naxon
375 638 398 667 ”
414 638 459 699 ait
474 637 569 699 Liber
585 638 727 699 “cursus
741 639 896 701 advertite
910 645 1037 702 vestros.

214 735 275 796 Illa
289 734 368 795 mihi
384 735 496 796 domus
511 739 569 810 est,
588 735 674 797 vobis
688 736 749 798 erit
765 736 892 817 hospita
906 737 1036 798 tellus.’'

214 832 274 894 Per
289 851 374 893 mare
388 833 516 894 fallaces
531 853 647 914 perque
662 833 769 895 omnia
783 834 917 896 numina
932 834 1040 895 iurant

214 930 350 1001 sistere,
368 950 480 1010 meque
496 931 607 992 iubent
621 934 723 1010 pictae
743 932 817 993 dare
832 932 902 994 vela
916 932 1048 994 carinae.

297 1028 304 1056 ‘
319 1026 458 1088 Dextera
473 1028 579 1089 Naxos
593 1033 671 1089 crat.
715 1029 836 1090 Dextra
851 1030 930 1090 mihi
950 1029 1048 1090 lintea
1062 1029 1151 1090 danti
1256 1033 1314 1088 646

217 1125 239 1153 “
252 1125 334 1199 Quid
351 1125 439 1199 facis,
457 1145 475 1186 o
490 1127 643 1187 demens?
664 1127 734 1206 quis
749 1131 779 1187 te
795 1128 948 1187 furor—i
959 1127 980 1155 ”
1005 1127 1110 1207 inquit
1125 1126 1283 1205 Opheltes.

215 1223 276 1283 Pro
291 1243 321 1284 ec
337 1222 469 1303 quisquc
484 1223 589 1284 timet:
615 1223 636 1251 “
648 1222 782 1284 Laevum
798 1228 870 1304 pete
881 1224 903 1252 '⁹
920 1223 1057 1285 maxima
1072 1227 1153 1284 nutu

213 1339 285 1400 pars
300 1319 379 1380 milri
395 1319 563 1399 significat,
581 1339 652 1400 pars
667 1320 743 1400 quid
759 1321 836 1381 velit
850 1340 924 1382 aure
939 1324 1089 1382 susurrat.

215 1415 362 1498 Obstipui
380 1417 402 1446 “
414 1416 526 1497 Capiat
537 1417 560 1446 ”
575 1437 635 1497 que
652 1418 673 1445 “
685 1417 798 1498 aliquis
812 1418 1027 1479 moderamina
1037 1418 1059 1447 ''
1076 1419 1141 1479 dixi

213 1535 326 1596 meque
341 1514 516 1576 ministerio
531 1515 715 1596 scelerisque
730 1515 868 1596 artisque
883 1515 1010 1576 removi.
1256 1519 1314 1575 645

214 1613 365 1693 Increpor
379 1631 398 1673 a
412 1612 546 1686 cunctis,
564 1616 730 1692 totumque
745 1612 961 1674 inmurmurat
975 1632 1098 1692 agmen.

214 1710 243 1771 Il
258 1711 372 1791 quibus
386 1709 557 1770 Aethalion
574 1709 596 1738 “
608 1709 652 1771 Te
668 1709 787 1771 scilicet
801 1710 904 1771 omnis
919 1709 953 1770 in
969 1730 1033 1771 uno

213 1813 321 1870 nostra
335 1808 418 1869 salus
432 1807 535 1888 posita
548 1815 595 1869 est
610 1810 617 1868 1
631 1807 651 1836 ”
668 1807 723 1881 611,
737 1812 769 1868 61
783 1807 869 1868 subit
884 1807 949 1888 ipse
964 1828 1131 1888 meumque

214 1907 320 1986 explet
335 1925 424 1986 opus,
442 1906 594 1985 Naxoque
609 1904 691 1984 petit
705 1905 828 1966 diversa
843 1904 961 1966 relicta.

297 2003 305 2032 ‘
317 2003 400 2062 Tum
413 2003 489 2063 deus
501 2001 659 2076 inludens,
673 2005 836 2083 tamquam
847 2003 941 2063 modo
952 2003 1088 2082 denique
1098 2003 1245 2064 fraudem
1257 2006 1315 2063 650

214 2099 356 2171 senserit,
373 2119 389 2160 6
404 2099 505 2179 puppi
519 2102 654 2179 pontum
670 2103 850 2179 prospectat
864 2099 988 2160 adunca

213 2204 246 2259 et
260 2197 348 2259 flenti
365 2197 476 2258 similis
491 2196 514 2225 “
524 2197 554 2258 N
557 2217 597 2258 on
612 2196 688 2270 haec
706 2197 786 2257 mihi
801 2197 904 2270 litora,
922 2202 1047 2272 nautae,

213 2294 402 2377 promisistis
413 2295 434 2324 ”
451 2294 507 2368 ait,
526 2294 548 2323 “
559 2315 624 2355 non
639 2295 715 2355 haec
729 2294 810 2356 mihi
825 2300 910 2355 terra
925 2299 1033 2375 rogata
1047 2299 1104 2357 est.

214 2394 284 2468 Quo
300 2393 400 2454 1116161
415 2412 549 2473 poenam
563 2393 673 2453 facto?
695 2412 774 2473 quae
788 2392 889 2472 gloria
904 2398 1006 2454 vestra
1020 2397 1078 2466 est,

214 2491 241 2552 si
255 2511 392 2571 puerum
406 2490 544 2563 iuvenes,
562 2489 588 2550 si
603 2489 698 2549 multi
712 2490 825 2550 fallitis
840 2510 940 2550 unum
952 2491 966 2549 1
978 2491 1000 2519 ”

214 2588 408 2650 Iamdudum
424 2588 550 2648 flebam:
573 2587 718 2647 lacrimas
732 2607 846 2648 manns
860 2587 959 2667 impia
973 2598 1094 2649 nostras

214 2687 297 2747 ridet
312 2690 343 2747 et
358 2684 495 2765 impellit
508 2683 752 2764 properantibus
765 2703 900 2765 aequora
914 2685 1017 2745 remis.

298 2782 378 2843 ‘Per
392 2781 450 2842 tibi
466 2801 553 2843 nunc
567 2781 672 2861 ipsum
689 2779 760 2860 (nec
775 2781 860 2842 enim
876 2783 1069 2862 praesentior
1083 2781 1138 2842 illo

214 2884 262 2942 est
276 2879 367 2961 deus)
383 2878 505 2952 adiuro,
524 2886 589 2938 tam
604 2898 654 2939 me
669 2877 727 2939 tibi
745 2899 815 2940 vera
830 2880 957 2952 referre,

214 2999 309 3059 quam
325 2976 390 3038 veri
405 2976 523 3037 maiora
537 2976 613 3036 fide:
636 2974 725 3036 stetit
740 2996 872 3056 aequore
887 2977 1003 3056 puppis

213 3076 300 3137 haud
316 3075 407 3136 aliter
422 3094 516 3154 quam
532 3072 557 3134 si
573 3073 690 3134 siccum
707 3074 815 3134 navale
830 3078 961 3135 teneret.

214 3175 267 3236 Illi
282 3172 475 3234 admirantes
489 3191 648 3232 remorum
663 3170 697 3231 iu
713 3172 840 3232 verbera
856 3176 1000 3250 perstant

213 3272 344 3351 velaque
359 3269 523 3330 deducunt
539 3268 725 3348 geminaque
740 3288 798 3348 ope
813 3288 938 3330 currere
953 3271 1121 3348 temptant.

214 3368 402 3448 Impediunt
417 3366 549 3427 hederae
564 3385 665 3427 remos
684 3385 830 3445 nexuque
845 3385 975 3427 recurvo

214 3469 346 3546 serpunt
361 3468 394 3526 et
408 3464 546 3543 gravidis
560 3464 766 3542 distinguunt
781 3463 848 3532 ,vela
865 3463 1029 3542 corymbis.

214 3565 286 3646 lpse
301 3563 493 3624 racemiferis
507 3563 647 3623 frontem
662 3561 877 3622 circumdatus
892 3561 961 3621 uvis

214 3661 392 3743 pampineis
407 3661 507 3741 agitat
522 3660 656 3721 velatam
671 3658 838 3719 frondibus
853 3657 986 3719 hastam.

215 3760 316 3834 Quem
333 3759 416 3821 circa
430 3758 527 3837 tigres
541 3757 769 3837 simulacraque
784 3755 892 3817 inania
907 3756 1036 3834 lyncum

215 3859 436 3939 pictarumque
451 3856 555 3917 iacent
570 3857 637 3917 fera
651 3874 782 3934 corpora
796 3853 1039 3934 pantherarum.

216 3955 380 4018 Exsiluere
394 3954 465 4027 viri,
483 3953 546 4016 sive
560 3953 621 4014 hoc
635 3951 757 4012 insania
771 3951 858 4024 16611,
