2964 4380
512 207 689 254 Phanacen
709 207 749 252 TO
772 207 926 254 ULYSSES.

168 358 235 422 Nos
250 359 362 441 Pylon,
379 357 502 441 antiqui
517 359 630 420 Neleia
644 358 786 422 Nestoris
800 377 884 434 arva,

208 457 368 519 misimus:
389 457 510 520 incerta
523 460 571 519 est
584 457 671 519 fama
686 456 814 519 remissa
828 457 916 538 Pylo.

169 554 316 617 Misimus
330 561 362 616 et
376 554 527 634 Sparten:
550 555 662 636 Sparte
677 574 801 636 quoque
816 555 920 618 nescia
933 555 1009 620 ueri.

210 653 294 728 Quas
307 653 430 715 habitas
444 656 553 727 terras,
569 656 626 713 aut
640 652 695 714 ubi
709 653 816 714 lentus
830 654 927 715 abes?

167 750 291 812 Utilius
305 753 425 812 starent
440 750 535 812 etiam
551 769 638 811 nuuc
653 749 779 812 moenia
793 751 912 813 Phoebi
925 787 967 798 -

208 849 324 910 irascor
338 849 419 910 votis
432 848 495 909 heu
509 848 586 910 levis
600 848 668 929 ipsa
681 848 774 909 meisi
789 883 830 894 -

168 946 280 1008 scirem
295 945 350 1007 ubi
364 964 533 1026 pugnares,
549 949 582 1007 et
596 949 723 1006 tantum
739 946 822 1008 bella
836 945 992 1021 timerem,

209 1047 241 1106 et
255 1064 325 1105 mea
338 1064 410 1105 cum
427 1043 537 1104 multis
551 1042 662 1104 iuncta
676 1043 802 1124 querela
816 1044 908 1104 foret.

170 1141 254 1215 Quid
269 1142 409 1216 timeam,
427 1141 553 1221 ignor03
576 1140 674 1202 timeo
689 1145 796 1202 tamen
811 1141 917 1202 omnia
931 1142 1070 1214 demens,

209 1242 241 1301 et
255 1242 344 1320 patet
358 1239 392 1300 in
406 1259 496 1300 curas
510 1259 581 1301 area
594 1239 659 1299 lata
673 1258 767 1300 meas.

170 1337 391 1417 Quaecumque
405 1355 522 1417 aequor
535 1335 641 1410 habet,
659 1355 874 1417 quaecumque
889 1335 1029 1416 pericula
1042 1336 1147 1409 tellus,

209 1437 275 1495 tam
289 1433 401 1514 longae
415 1453 522 1495 causas
536 1433 676 1513 suspicor
690 1453 754 1494 esse
769 1452 883 1494 morae.

169 1531 257 1593 Haec
271 1551 328 1611 ego
342 1531 421 1592 dum
436 1530 533 1592 stulte
548 1534 667 1603 metuo,
684 1550 763 1610 quae
777 1535 881 1592 vestra
894 1530 993 1591 libido
1006 1533 1064 1604 est,

209 1648 274 1690 esse
287 1629 453 1709 peregrino
466 1631 579 1707 captus
592 1647 697 1690 amore
711 1631 809 1708 potes.

169 1726 316 1788 Forsitan
330 1730 362 1787 et
376 1745 493 1800 narres,
511 1745 605 1806 quam
621 1725 663 1786 sit
677 1725 736 1786 tibi
750 1725 868 1787 rustica
882 1725 1033 1799 coniunx,

210 1844 289 1904 quae
303 1827 430 1885 tantum
445 1824 532 1884 lanas
546 1843 611 1885 non
625 1823 709 1884 sinat
722 1843 787 1885 esse
801 1824 905 1884 rudes.

169 1921 286 1996 Fallar,
303 1924 335 1982 et
347 1921 408 1983 hoc
422 1921 543 1989 crimen
557 1924 670 1982 tenues
684 1924 830 1983 vanescat
844 1921 877 1981 in
893 1940 995 1994 auras,

209 2037 298 2091 neve,
315 2017 493 2079 revertendi
509 2018 598 2092 liber,
614 2018 719 2080 abesse
734 2018 824 2079 velis!

171 2114 224 2176 Me
237 2118 328 2196 pater
342 2115 461 2176 Icarius
475 2115 572 2177 viduo
586 2114 745 2177 discedere
758 2115 841 2177 lecto

210 2211 341 2292 cogitet
357 2211 515 2273 inmensas
529 2211 673 2292 increpat
687 2231 787 2293 usque
801 2232 913 2273 moras.

170 2309 318 2389 Increpet
332 2329 431 2389 usque
444 2309 534 2370 licetl
557 2313 612 2370 tua
626 2329 708 2382 sum,
725 2312 782 2369 tua
795 2309 883 2370 dicar
896 2312 1031 2389 oportet,

212 2407 368 2487 Penelope
382 2406 522 2468 coniunx
536 2426 659 2486 semper
673 2405 780 2468 Ulixis
793 2426 855 2467 ero.

170 2504 230 2565 Ille
244 2508 351 2565 tamen
365 2504 483 2584 pietate
497 2524 566 2565 mea
580 2503 786 2585 precibusque
800 2503 925 2583 pudicis

211 2601 372 2680 frangitur
386 2604 418 2662 et
432 2600 512 2662 vires
527 2603 683 2680 temperat
698 2600 765 2679 ipse
781 2620 861 2661 suas.

170 2698 316 2759 Dulichii
331 2698 490 2779 Samiique
504 2701 537 2759 et
550 2718 628 2778 quos
642 2697 719 2758 tulit
734 2698 798 2758 alta
812 2697 997 2776 Zacynthos,

211 2796 306 2857 turba
319 2799 420 2860 ruunt
434 2795 467 2855 in
483 2815 533 2856 me
546 2795 708 2857 luxuriosa
721 2794 809 2874 proci

170 2893 267 2974 inque
281 2896 338 2953 tua
351 2895 487 2972 regnant
500 2893 598 2953 nullis
612 2892 853 2973 prohibentibus
867 2891 954 2952 aula:

212 2989 330 3051 viscera
343 2993 462 3063 nostra,
478 2993 552 3050 tuae
566 2989 782 3050 dilacerantur
796 3008 877 3069 opes.

172 3087 256 3162 Quid
271 3087 330 3148 tibi
346 3087 535 3148 Pisandrum
551 3087 768 3167 Polybumque
782 3086 994 3166 Medontaque
1008 3085 1114 3146 dirum

213 3184 468 3265 Eurymachique
483 3183 588 3245 avidas
602 3183 799 3265 Antinoique
814 3203 927 3244 manus

171 3286 266 3362 atque
281 3281 357 3343 alios
371 3283 516 3354 referam,
534 3301 611 3363 quos
625 3281 728 3343 omnis
743 3281 879 3361 turpiter
893 3281 1003 3342 absens

212 3378 278 3458 ipse
293 3382 349 3440 tuo
363 3379 463 3459 partis
478 3379 631 3458 sanguine
646 3379 739 3439 rebus
753 3377 833 3439 alis?

172 3476 245 3537 Irus
258 3496 353 3556 egens
367 3475 549 3556 pecorisque
565 3476 760 3538 Melanthius
774 3479 861 3536 actor
874 3474 988 3535 edendi

212 3573 346 3635 ultimus
359 3573 515 3635 accedunt
528 3573 562 3633 in
577 3577 634 3634 tua
648 3574 764 3634 damna
778 3572 889 3652 pudor.

173 3671 251 3733 Tios
264 3690 373 3732 sumus
388 3671 519 3732 inbelles
533 3691 676 3746 numero,
694 3671 761 3732 sine
778 3670 896 3732 viribus
909 3689 999 3743 uxor,

213 3768 403 3846 Laertesque
417 3788 522 3843 senex,
539 3768 810 3849 Telemachusque
824 3786 912 3848 puer.

172 3866 232 3929 Ille
246 3887 302 3948 per
316 3867 445 3929 insidias
459 3887 558 3948 paene
571 3871 619 3928 est
634 3866 713 3928 mihi
728 3885 830 3946 nuper
843 3864 1021 3944 ademptus,

213 3965 292 4027 dum
306 3969 397 4047 parat
410 3964 520 4026 inuitis
535 3963 682 4026 omnibus
696 3963 742 4026 ire
758 3963 869 4044 Pylon.

363 4061 380 4112 4

1212 3962 1269 4020 100
