2964 4380
243 233 264 294 4
439 227 465 272 Ρ.
492 227 606 272 ovum
630 225 780 271 NASONIS
802 224 964 269 chamus
986 223 1141 268 SELEGTA.

245 377 382 458 navigat,
399 375 451 438 hio
466 395 589 438 summa
603 376 721 456 piscem
735 376 905 456 deprendit
919 375 954 435 in
968 374 1064 435 ulmo.

242 475 369 556 Figitur
384 475 418 538 in
432 473 538 548 viridi,
555 473 582 536 si
596 474 661 534 fors
676 473 763 547 tulit,
780 492 894 534 ancora
908 476 1010 552 prato,

241 575 298 636 aut
312 573 452 636 subiecta
465 575 575 636 terunt
589 590 702 632 curvae
716 571 823 632 vineta
837 570 975 646 carinae3

241 675 284 746 et,
302 671 396 732 modo
410 690 472 752 qua
486 668 619 750 graciles
632 688 763 748 gramen
778 688 920 748 carpsere
934 668 1082 748 capellae,

242 788 329 830 nunc
343 768 387 830 ibi
401 768 559 830 deformes
572 771 699 846 ponunt
713 786 768 826 sna
782 785 913 846 corpore
927 766 1056 846 phocae.

243 867 403 928 Mirantur
417 865 475 926 sub
489 885 571 945 aqua
584 863 671 924 lucos
684 864 840 944 urbesque
855 864 1026 944 domosque

243 963 405 1036 Nereides,
422 962 576 1042 silvasque
592 964 701 1022 tenent
716 961 881 1041 delphines
896 961 1014 1022 staltis

243 1061 406 1122 incursant
420 1060 515 1121 ramis
529 1059 709 1139 agitataque
724 1060 835 1121 robora
848 1059 987 1139 pulsant.

119 1155 122 1164 ’
244 1159 308 1220 Nat
322 1159 418 1238 lupus
433 1157 518 1218 iuter
531 1176 613 1236 ores,
630 1158 735 1217 fulvos
749 1156 838 1218 vehit
852 1158 939 1217 unda
953 1157 1068 1230 leones,

242 1255 329 1316 unda
344 1255 431 1316 vehit
445 1255 551 1335 tigres,
568 1273 626 1316 nec
640 1254 721 1316 vires
735 1254 883 1314 fulminis
897 1273 983 1334 apro,

242 1372 334 1414 crura
348 1371 406 1414 nec
419 1352 524 1414 ablato
539 1355 673 1432 prosunt
688 1351 805 1413 velocia
819 1371 919 1412 cervo.

243 1448 460 1530 Quaesitisque
474 1449 529 1510 diu
544 1448 647 1522 terris,
664 1449 719 1510 ubi
734 1449 841 1510 sistere
856 1453 971 1529 posset,

244 1547 275 1608 in
292 1567 376 1609 mare
391 1546 511 1608 lassatis
526 1546 661 1608 volucris
676 1566 754 1626 vaga
767 1547 888 1608 decidit
901 1547 970 1608 alis.

244 1645 400 1708 Obruerat
415 1645 554 1705 tumulos
569 1643 711 1705 inmensa
725 1645 854 1707 licentia
868 1645 970 1725 ponti,

242 1742 473 1822 pulsabantque
488 1742 561 1803 novi
576 1745 727 1803 montana
741 1742 906 1803 cacumina
920 1743 1046 1804 fluctus.

244 1839 383 1900 Maxima
397 1857 468 1918 pars
483 1839 569 1900 unda
584 1839 720 1919 rapitur3
743 1839 858 1919 quibus
872 1841 959 1900 unda
972 1839 1124 1920 pepercit,

243 1935 313 1998 illos
328 1937 421 2015 longa
435 1936 567 1996 domant
581 1936 668 2016 inopi
684 1936 802 1998 ieiunia
817 1937 913 1997 victu.
959 1963 963 1973 ¹

324 2033 454 2114 Separat
469 2033 587 2094 Aonios
603 2033 727 2096 Oetaeis
742 2035 855 2096 Phocis
871 2035 910 2095 ab
926 2036 1018 2107 arvis,

244 2133 327 2191 terra
341 2131 441 2202 ferax,
459 2130 535 2191 dum
551 2134 635 2192 terra
648 2130 722 2204 fuit,
740 2131 794 2192 sed
811 2137 950 2211 tempore
965 2131 998 2191 iu
1013 2131 1067 2191 illo

243 2247 315 2308 pars
329 2227 424 2289 maris
438 2233 470 2290 et
483 2228 567 2289 latns
581 2228 757 2289 subitarum
772 2249 902 2310 campus
916 2249 1078 2310 aquarum.

324 2325 417 2386 Mons
431 2323 474 2386 ibi
491 2325 659 2386 verticibus
673 2326 754 2405 petit
768 2326 886 2387 arduus
900 2331 984 2387 astro
998 2326 1131 2399 duobus,

244 2421 372 2482 nomino
388 2421 553 2495 Parnasus,
570 2429 781 2503 superantque
796 2424 961 2484 cacumina
976 2424 1083 2484 nubes.

245 2517 307 2579 llic
322 2518 375 2580 ubi
392 2518 577 2591 Deucalion,
595 2539 668 2579 nam
683 2524 786 2581 cetera
800 2524 921 2582 texerat
935 2539 1061 2602 aequor,

244 2635 317 2677 cum
332 2620 474 2678 consorte
490 2616 550 2677 tori
564 2636 660 2696 parva
674 2621 741 2678 rate
755 2621 863 2678 vectus
877 2617 1030 2690 adhaesit,

245 2713 413 2792 Corycidas
428 2713 582 2793 nymphas
596 2719 628 2774 et
642 2714 775 2774 numina
789 2714 906 2776 montis
921 2716 1056 2776 adorant

244 2809 469 2890 fatidicamque
485 2810 632 2882 Themin,
650 2830 728 2890 quae
745 2815 821 2872 tunc
836 2813 938 2873 oracla
952 2812 1088 2874 tenebat.

245 2907 317 2967 Non
334 2907 389 2968 illo
404 2907 514 2968 melior
528 2908 693 2987 quisquam
709 2928 766 2968 nec
780 2910 937 2971 amantior
951 2909 1041 2990 acqui

244 3002 292 3063 vir
306 3003 381 3077 init,
398 3005 454 3064 aut
468 3003 522 3064 illu
537 3004 728 3064 metuentior
742 3005 807 3065 ulla
822 3006 962 3066 deorum.

325 3099 471 3180 luppiter
486 3104 523 3160 ut
536 3099 666 3180 liquidis
680 3105 825 3180 stagnare
840 3103 1008 3182 paludibus
1023 3104 1130 3164 orbem

244 3201 276 3257 et
290 3216 448 3277 superesse
464 3197 549 3257 videt
563 3197 602 3255 de
617 3201 665 3257 tot
681 3199 773 3259 modo
788 3199 916 3260 milibus
930 3219 1043 3272 unum,

244 3297 276 3353 ot
290 3312 448 3373 superesse
462 3293 549 3354 videt
562 3293 601 3353 do
616 3299 664 3354 tot
679 3296 772 3356 modo
787 3296 916 3356 milibus
930 3316 1038 3370 unam,
1126 3279 1128 3285 Ι

244 3389 397 3451 innocuos
410 3389 528 3464 ambos,
545 3389 681 3452 cultores
696 3392 837 3452 numinis
850 3393 968 3466 ambos,

244 3486 354 3548 nubile
368 3486 502 3560 disiecit,
520 3485 698 3566 nimbisque
712 3488 858 3568 aquilone
873 3490 1001 3551 remotis

244 3587 276 3642 et
290 3584 374 3645 caelo
391 3587 487 3644 terras
502 3581 640 3658 ostendit
653 3588 686 3644 et
700 3585 827 3645 aethera
841 3586 941 3645 terris.

325 3681 355 3740 N
357 3701 392 3741 eo
407 3680 502 3740 maris
516 3681 563 3740 ira
577 3685 694 3753 manet,
711 3682 874 3761 positoque
889 3682 1061 3763 tricuspide
1078 3685 1139 3746 telo

244 3778 362 3838 mulcet
376 3797 471 3857 aquas
486 3781 587 3838 rector
601 3776 705 3856 pelagi
720 3797 876 3858 supraque
890 3780 1087 3858 profundum

244 3877 419 3935 exstantem
434 3877 528 3952 atque
542 3893 667 3934 umeros
681 3874 791 3935 innato
805 3873 925 3935 murice
940 3879 1061 3937 tectum

244 3969 423 4029 caeruleum
440 3969 571 4029 Tritona
586 3973 676 4028 vocet
691 3970 889 4050 conchaeque
903 3971 1028 4031 sonanti
