<?xml version="1.0" encoding="UTF-8"?>
<!DOCTYPE html PUBLIC "-//W3C//DTD XHTML 1.0 Transitional//EN"
    "http://www.w3.org/TR/xhtml1/DTD/xhtml1-transitional.dtd">
<html xmlns="http://www.w3.org/1999/xhtml" xml:lang="en" lang="en">
 <head>
  <title>
</title>
<meta http-equiv="Content-Type" content="text/html;charset=utf-8" />
  <meta name='ocr-system' content='tesseract 3.04.00' />
  <meta name='ocr-capabilities' content='ocr_page ocr_carea ocr_par ocr_line ocrx_word'/>
</head>
<body>
  <div class='ocr_page' id='page_1' title='image "./selectionsfromo02ovidgoog_0054.png"; bbox 0 0 2964 4380; ppageno 0'>
   <div class='ocr_carea' id='block_1_1' title="bbox 334 232 1271 305">
    <p class='ocr_par' dir='ltr' id='par_1_1' title="bbox 334 232 1271 305">
     <span class='ocr_line' id='line_1_1' title="bbox 334 232 1271 305; baseline 0.005 -25"><span class='ocrx_word' id='word_1_1' title='bbox 334 235 403 282; x_wconf 80' lang='lat' dir='ltr'>THE</span> <span class='ocrx_word' id='word_1_2' title='bbox 425 234 572 282; x_wconf 70' lang='lat' dir='ltr'>comesu</span> <span class='ocrx_word' id='word_1_3' title='bbox 593 234 658 280; x_wconf 83' lang='lat' dir='ltr'>FOR</span> <span class='ocrx_word' id='word_1_4' title='bbox 678 233 747 280; x_wconf 71' lang='lat' dir='ltr'>THE</span> <span class='ocrx_word' id='word_1_5' title='bbox 768 232 861 281; x_wconf 75' lang='lat' dir='ltr'>Anus</span> <span class='ocrx_word' id='word_1_6' title='bbox 882 233 923 280; x_wconf 78' lang='lat' dir='ltr'>OF</span> <span class='ocrx_word' id='word_1_7' title='bbox 945 233 1122 285; x_wconf 69' lang='lat' dir='ltr'>domnum.</span> <span class='ocrx_word' id='word_1_8' title='bbox 1230 239 1271 305; x_wconf 82' lang='lat'>39</span> 
     </span>
    </p>
   </div>
   <div class='ocr_carea' id='block_1_2' title="bbox 63 373 1275 3978">
    <p class='ocr_par' dir='ltr' id='par_1_2' title="bbox 172 373 1092 463">
     <span class='ocr_line' id='line_1_2' title="bbox 172 373 1092 463; baseline 0.005 -16"><span class='ocrx_word' id='word_1_9' title='bbox 172 385 295 462; x_wconf 77' lang='lat' dir='ltr'>Quidve</span> <span class='ocrx_word' id='word_1_10' title='bbox 309 387 441 448; x_wconf 88' lang='lat' dir='ltr'>domurn</span> <span class='ocrx_word' id='word_1_11' title='bbox 455 373 548 448; x_wconf 73' lang='lat' dir='ltr'>lertis</span> <span class='ocrx_word' id='word_1_12' title='bbox 562 385 695 461; x_wconf 93' lang='lat' dir='ltr'>decimo,</span> <span class='ocrx_word' id='word_1_13' title='bbox 712 385 773 448; x_wconf 90' lang='lat' dir='ltr'>uisi</span> <span class='ocrx_word' id='word_1_14' title='bbox 788 387 934 463; x_wconf 77' lang='lat' dir='ltr'><strong>dedecus,</strong></span> <span class='ocrx_word' id='word_1_15' title='bbox 950 391 1059 452; x_wconf 81' lang='lat' dir='ltr'>anno?</span> <span class='ocrx_word' id='word_1_16' title='bbox 1070 390 1092 422; x_wconf 91' lang='lat'>&#39;’</span> 
     </span>
    </p>

    <p class='ocr_par' dir='ltr' id='par_1_3' title="bbox 172 484 1006 565">
     <span class='ocr_line' id='line_1_3' title="bbox 172 484 1006 565; baseline 0.007 -21"><span class='ocrx_word' id='word_1_17' title='bbox 172 485 302 546; x_wconf 83' lang='lat' dir='ltr'><strong>Talibus</strong></span> <span class='ocrx_word' id='word_1_18' title='bbox 315 487 411 565; x_wconf 88' lang='lat' dir='ltr'>atque</span> <span class='ocrx_word' id='word_1_19' title='bbox 425 484 505 559; x_wconf 84' lang='lat' dir='ltr'>aliis,</span> <span class='ocrx_word' id='word_1_20' title='bbox 522 484 557 546; x_wconf 92' lang='lat' dir='ltr'>in</span> <span class='ocrx_word' id='word_1_21' title='bbox 572 503 650 565; x_wconf 88' lang='lat' dir='ltr'>quae</span> <span class='ocrx_word' id='word_1_22' title='bbox 665 484 755 546; x_wconf 88' lang='lat' dir='ltr'>dolor</span> <span class='ocrx_word' id='word_1_23' title='bbox 769 484 836 565; x_wconf 90' lang='lat' dir='ltr'>ipse</span> <span class='ocrx_word' id='word_1_24' title='bbox 850 486 1006 550; x_wconf 89' lang='lat' dir='ltr'>disertum</span> 
     </span>
    </p>

    <p class='ocr_par' dir='ltr' id='par_1_4' title="bbox 170 582 889 663">
     <span class='ocr_line' id='line_1_4' title="bbox 170 582 889 663; baseline 0.001 -19"><span class='ocrx_word' id='word_1_25' title='bbox 170 583 299 656; x_wconf 79' lang='lat' dir='ltr'>iecerat,</span> <span class='ocrx_word' id='word_1_26' title='bbox 315 602 438 644; x_wconf 88' lang='lat' dir='ltr'>aversos</span> <span class='ocrx_word' id='word_1_27' title='bbox 451 583 589 663; x_wconf 82' lang='lat' dir='ltr'>profuga</span> <span class='ocrx_word' id='word_1_28' title='bbox 602 583 641 644; x_wconf 94' lang='lat' dir='ltr'>de</span> <span class='ocrx_word' id='word_1_29' title='bbox 655 582 751 644; x_wconf 91' lang='lat' dir='ltr'>classe</span> <span class='ocrx_word' id='word_1_30' title='bbox 767 583 889 646; x_wconf 88' lang='lat' dir='ltr'>reduxi.</span> 
     </span>
    </p>

    <p class='ocr_par' dir='ltr' id='par_1_5' title="bbox 172 680 896 762">
     <span class='ocr_line' id='line_1_5' title="bbox 172 680 896 762; baseline 0.001 -20"><span class='ocrx_word' id='word_1_31' title='bbox 172 680 332 742; x_wconf 76' lang='lat' dir='ltr'>Convocat</span> <span class='ocrx_word' id='word_1_32' title='bbox 346 681 476 742; x_wconf 79' lang='lat' dir='ltr'>Atrides</span> <span class='ocrx_word' id='word_1_33' title='bbox 490 681 588 742; x_wconf 92' lang='lat' dir='ltr'>socios</span> <span class='ocrx_word' id='word_1_34' title='bbox 603 683 720 742; x_wconf 89' lang='lat' dir='ltr'>terrore</span> <span class='ocrx_word' id='word_1_35' title='bbox 735 683 896 762; x_wconf 82' lang='lat' dir='ltr'>paventes,</span> 
     </span>
    </p>

    <p class='ocr_par' dir='ltr' id='par_1_6' title="bbox 170 777 1010 860">
     <span class='ocr_line' id='line_1_6' title="bbox 170 777 1010 860; baseline 0.005 -22"><span class='ocrx_word' id='word_1_36' title='bbox 170 797 228 838; x_wconf 91' lang='lat' dir='ltr'>nec</span> <span class='ocrx_word' id='word_1_37' title='bbox 244 777 482 840; x_wconf 81' lang='lat' dir='ltr'>Telamoniades</span> <span class='ocrx_word' id='word_1_38' title='bbox 497 777 592 840; x_wconf 89' lang='lat' dir='ltr'>etiam</span> <span class='ocrx_word' id='word_1_39' title='bbox 606 797 693 850; x_wconf 85' lang='lat' dir='ltr'>nunc</span> <span class='ocrx_word' id='word_1_40' title='bbox 707 778 828 840; x_wconf 90' lang='lat' dir='ltr'>hiscere</span> <span class='ocrx_word' id='word_1_41' title='bbox 840 777 1010 860; x_wconf 86' lang='lat' dir='ltr'>quicquam</span> 
     </span>
    </p>

    <p class='ocr_par' dir='ltr' id='par_1_7' title="bbox 170 875 899 956">
     <span class='ocr_line' id='line_1_7' title="bbox 170 875 899 956; baseline 0.001 -19"><span class='ocrx_word' id='word_1_42' title='bbox 170 877 280 951; x_wconf 91' lang='lat' dir='ltr'>audet;</span> <span class='ocrx_word' id='word_1_43' title='bbox 303 879 337 936; x_wconf 93' lang='lat' dir='ltr'>at</span> <span class='ocrx_word' id='word_1_44' title='bbox 350 895 445 937; x_wconf 89' lang='lat' dir='ltr'>ausus</span> <span class='ocrx_word' id='word_1_45' title='bbox 459 880 526 938; x_wconf 90' lang='lat' dir='ltr'>erat</span> <span class='ocrx_word' id='word_1_46' title='bbox 539 895 627 956; x_wconf 86' lang='lat' dir='ltr'>reges</span> <span class='ocrx_word' id='word_1_47' title='bbox 640 875 793 938; x_wconf 88' lang='lat' dir='ltr'>incessere</span> <span class='ocrx_word' id='word_1_48' title='bbox 804 876 899 938; x_wconf 89' lang='lat' dir='ltr'>dictis</span> 
     </span>
    </p>

    <p class='ocr_par' dir='ltr' id='par_1_8' title="bbox 171 972 1031 1054">
     <span class='ocr_line' id='line_1_8' title="bbox 171 972 1031 1054; baseline 0.005 -21"><span class='ocrx_word' id='word_1_49' title='bbox 171 973 342 1046; x_wconf 78' lang='lat' dir='ltr'>Thersites,</span> <span class='ocrx_word' id='word_1_50' title='bbox 358 973 454 1034; x_wconf 91' lang='lat' dir='ltr'>etiarn</span> <span class='ocrx_word' id='word_1_51' title='bbox 468 992 526 1054; x_wconf 91' lang='lat' dir='ltr'>per</span> <span class='ocrx_word' id='word_1_52' title='bbox 540 993 590 1034; x_wconf 92' lang='lat' dir='ltr'>me</span> <span class='ocrx_word' id='word_1_53' title='bbox 604 972 691 1034; x_wconf 90' lang='lat' dir='ltr'>haud</span> <span class='ocrx_word' id='word_1_54' title='bbox 706 973 849 1054; x_wconf 89' lang='lat' dir='ltr'>impune,</span> <span class='ocrx_word' id='word_1_55' title='bbox 865 973 1031 1054; x_wconf 85' lang='lat' dir='ltr'>protervis.</span> 
     </span>
    </p>

    <p class='ocr_par' dir='ltr' id='par_1_9' title="bbox 170 1069 930 1150">
     <span class='ocr_line' id='line_1_9' title="bbox 170 1069 930 1150; baseline 0.003 -20"><span class='ocrx_word' id='word_1_56' title='bbox 170 1069 287 1150; x_wconf 80' lang='lat' dir='ltr'>Erigor</span> <span class='ocrx_word' id='word_1_57' title='bbox 300 1073 332 1131; x_wconf 93' lang='lat' dir='ltr'>et</span> <span class='ocrx_word' id='word_1_58' title='bbox 347 1069 485 1150; x_wconf 88' lang='lat' dir='ltr'>trepidos</span> <span class='ocrx_word' id='word_1_59' title='bbox 499 1070 582 1132; x_wconf 78' lang='lat' dir='ltr'>cives</span> <span class='ocrx_word' id='word_1_60' title='bbox 596 1070 745 1133; x_wconf 88' lang='lat' dir='ltr'>exhortor</span> <span class='ocrx_word' id='word_1_61' title='bbox 758 1069 793 1132; x_wconf 93' lang='lat' dir='ltr'>in</span> <span class='ocrx_word' id='word_1_62' title='bbox 807 1071 930 1133; x_wconf 88' lang='lat' dir='ltr'>hostem</span> 
     </span>
    </p>

    <p class='ocr_par' dir='ltr' id='par_1_10' title="bbox 169 1167 859 1248">
     <span class='ocr_line' id='line_1_10' title="bbox 169 1167 859 1248; baseline 0 -20"><span class='ocrx_word' id='word_1_63' title='bbox 169 1167 377 1248; x_wconf 88' lang='lat' dir='ltr'>amissamque</span> <span class='ocrx_word' id='word_1_64' title='bbox 392 1187 462 1229; x_wconf 91' lang='lat' dir='ltr'>mea</span> <span class='ocrx_word' id='word_1_65' title='bbox 475 1167 627 1229; x_wconf 86' lang='lat' dir='ltr'>virtutem</span> <span class='ocrx_word' id='word_1_66' title='bbox 642 1187 717 1230; x_wconf 87' lang='lat' dir='ltr'>voce</span> <span class='ocrx_word' id='word_1_67' title='bbox 732 1187 859 1248; x_wconf 89' lang='lat' dir='ltr'>repono.</span> 
     </span>
    </p>

    <p class='ocr_par' dir='ltr' id='par_1_11' title="bbox 171 1264 1060 1347">
     <span class='ocr_line' id='line_1_11' title="bbox 171 1264 1060 1347; baseline 0.001 -21"><span class='ocrx_word' id='word_1_68' title='bbox 171 1265 326 1347; x_wconf 86' lang='lat' dir='ltr'>Tempore</span> <span class='ocrx_word' id='word_1_69' title='bbox 340 1265 463 1338; x_wconf 85' lang='lat' dir='ltr'>abhoc,</span> <span class='ocrx_word' id='word_1_70' title='bbox 481 1266 703 1345; x_wconf 90' lang='lat' dir='ltr'>quodcumque</span> <span class='ocrx_word' id='word_1_71' title='bbox 717 1269 822 1346; x_wconf 90' lang='lat' dir='ltr'>potest</span> <span class='ocrx_word' id='word_1_72' title='bbox 834 1264 945 1328; x_wconf 81' lang='lat' dir='ltr'>recisse</span> <span class='ocrx_word' id='word_1_73' title='bbox 959 1265 1060 1328; x_wconf 80' lang='lat' dir='ltr'>rideri</span> 
     </span>
    </p>

    <p class='ocr_par' dir='ltr' id='par_1_12' title="bbox 169 1362 1060 1543">
     <span class='ocr_line' id='line_1_12' title="bbox 169 1362 1038 1443; baseline 0 -19"><span class='ocrx_word' id='word_1_74' title='bbox 169 1362 297 1424; x_wconf 76' lang='lat' dir='ltr'>fortiter</span> <span class='ocrx_word' id='word_1_75' title='bbox 311 1363 381 1436; x_wconf 89' lang='lat' dir='ltr'>iste,</span> <span class='ocrx_word' id='word_1_76' title='bbox 398 1383 504 1424; x_wconf 91' lang='lat' dir='ltr'>meum</span> <span class='ocrx_word' id='word_1_77' title='bbox 519 1366 577 1437; x_wconf 92' lang='lat' dir='ltr'>est,</span> <span class='ocrx_word' id='word_1_78' title='bbox 594 1362 650 1443; x_wconf 90' lang='lat' dir='ltr'>qui</span> <span class='ocrx_word' id='word_1_79' title='bbox 665 1363 795 1425; x_wconf 84' lang='lat' dir='ltr'>dantem</span> <span class='ocrx_word' id='word_1_80' title='bbox 810 1367 899 1443; x_wconf 86' lang='lat' dir='ltr'>terga</span> <span class='ocrx_word' id='word_1_81' title='bbox 912 1363 1038 1425; x_wconf 78' lang='lat' dir='ltr'>retraxi.</span> 
     </span>
     <span class='ocr_line' id='line_1_13' title="bbox 253 1459 1060 1543; baseline 0.001 -21"><span class='ocrx_word' id='word_1_82' title='bbox 253 1460 418 1540; x_wconf 81' lang='lat' dir='ltr'>‘Denique</span> <span class='ocrx_word' id='word_1_83' title='bbox 433 1461 472 1522; x_wconf 90' lang='lat' dir='ltr'>de</span> <span class='ocrx_word' id='word_1_84' title='bbox 487 1460 606 1522; x_wconf 78' lang='lat' dir='ltr'><strong>Danais</strong></span> <span class='ocrx_word' id='word_1_85' title='bbox 620 1459 691 1540; x_wconf 92' lang='lat' dir='ltr'>quis</span> <span class='ocrx_word' id='word_1_86' title='bbox 705 1463 737 1522; x_wconf 89' lang='lat' dir='ltr'>ts</span> <span class='ocrx_word' id='word_1_87' title='bbox 751 1461 900 1523; x_wconf 87' lang='lat' dir='ltr'>laudatve</span> <span class='ocrx_word' id='word_1_88' title='bbox 913 1460 1060 1543; x_wconf 82' lang='lat' dir='ltr'>petitve?</span> 
     </span>
    </p>

    <p class='ocr_par' dir='ltr' id='par_1_13' title="bbox 170 1557 907 1637">
     <span class='ocr_line' id='line_1_14' title="bbox 170 1557 907 1637; baseline 0.003 -19"><span class='ocrx_word' id='word_1_89' title='bbox 170 1557 217 1619; x_wconf 90' lang='lat' dir='ltr'>At</span> <span class='ocrx_word' id='word_1_90' title='bbox 230 1576 287 1619; x_wconf 88' lang='lat' dir='ltr'>sua</span> <span class='ocrx_word' id='word_1_91' title='bbox 301 1557 439 1637; x_wconf 85' lang='lat' dir='ltr'>Tydides</span> <span class='ocrx_word' id='word_1_92' title='bbox 453 1578 579 1620; x_wconf 89' lang='lat' dir='ltr'>mecum</span> <span class='ocrx_word' id='word_1_93' title='bbox 599 1557 814 1619; x_wconf 89' lang='lat' dir='ltr'>communicat</span> <span class='ocrx_word' id='word_1_94' title='bbox 827 1561 907 1632; x_wconf 87' lang='lat' dir='ltr'>acta,</span> 
     </span>
    </p>

    <p class='ocr_par' dir='ltr' id='par_1_14' title="bbox 170 1655 895 1737">
     <span class='ocr_line' id='line_1_15' title="bbox 170 1655 895 1737; baseline 0.006 -23"><span class='ocrx_word' id='word_1_95' title='bbox 170 1675 221 1716; x_wconf 91' lang='lat' dir='ltr'>me</span> <span class='ocrx_word' id='word_1_96' title='bbox 235 1655 349 1735; x_wconf 88' lang='lat' dir='ltr'>probat</span> <span class='ocrx_word' id='word_1_97' title='bbox 362 1659 396 1717; x_wconf 91' lang='lat' dir='ltr'>et</span> <span class='ocrx_word' id='word_1_98' title='bbox 409 1655 492 1717; x_wconf 89' lang='lat' dir='ltr'>socio</span> <span class='ocrx_word' id='word_1_99' title='bbox 506 1675 629 1737; x_wconf 90' lang='lat' dir='ltr'>semper</span> <span class='ocrx_word' id='word_1_100' title='bbox 642 1655 776 1716; x_wconf 91' lang='lat' dir='ltr'>confidit</span> <span class='ocrx_word' id='word_1_101' title='bbox 790 1655 895 1718; x_wconf 88' lang='lat' dir='ltr'>Ulixe.</span> 
     </span>
    </p>

    <p class='ocr_par' dir='ltr' id='par_1_15' title="bbox 171 1751 941 1831">
     <span class='ocr_line' id='line_1_16' title="bbox 171 1751 941 1831; baseline 0.001 -18"><span class='ocrx_word' id='word_1_102' title='bbox 171 1752 231 1813; x_wconf 77' lang='lat' dir='ltr'>nse</span> <span class='ocrx_word' id='word_1_103' title='bbox 244 1751 376 1831; x_wconf 90' lang='lat' dir='ltr'>aliquid,</span> <span class='ocrx_word' id='word_1_104' title='bbox 395 1752 434 1814; x_wconf 92' lang='lat' dir='ltr'>de</span> <span class='ocrx_word' id='word_1_105' title='bbox 448 1756 497 1815; x_wconf 90' lang='lat' dir='ltr'>tot</span> <span class='ocrx_word' id='word_1_106' title='bbox 513 1752 681 1814; x_wconf 85' lang='lat' dir='ltr'>Graiorum</span> <span class='ocrx_word' id='word_1_107' title='bbox 696 1752 825 1813; x_wconf 90' lang='lat' dir='ltr'>milibus</span> <span class='ocrx_word' id='word_1_108' title='bbox 838 1772 941 1814; x_wconf 91' lang='lat' dir='ltr'>unum</span> 
     </span>
    </p>

    <p class='ocr_par' dir='ltr' id='par_1_16' title="bbox 171 1849 947 1930">
     <span class='ocr_line' id='line_1_17' title="bbox 171 1849 947 1930; baseline 0.001 -20"><span class='ocrx_word' id='word_1_109' title='bbox 171 1870 190 1910; x_wconf 94' lang='lat' dir='ltr'>a</span> <span class='ocrx_word' id='word_1_110' title='bbox 204 1849 358 1911; x_wconf 89' lang='lat' dir='ltr'>Diomede</span> <span class='ocrx_word' id='word_1_111' title='bbox 372 1850 449 1930; x_wconf 85' lang='lat' dir='ltr'>legil</span> <span class='ocrx_word' id='word_1_112' title='bbox 465 1887 504 1898; x_wconf 92' lang='grc'><strong>-</strong></span> <span class='ocrx_word' id='word_1_113' title='bbox 519 1851 587 1912; x_wconf 90' lang='lat' dir='ltr'>Nec</span> <span class='ocrx_word' id='word_1_114' title='bbox 602 1869 652 1912; x_wconf 89' lang='lat' dir='ltr'>me</span> <span class='ocrx_word' id='word_1_115' title='bbox 666 1869 731 1911; x_wconf 91' lang='lat' dir='ltr'>sors</span> <span class='ocrx_word' id='word_1_116' title='bbox 745 1849 790 1910; x_wconf 91' lang='lat' dir='ltr'>ire</span> <span class='ocrx_word' id='word_1_117' title='bbox 806 1849 947 1911; x_wconf 90' lang='lat' dir='ltr'>iubebat:</span> 
     </span>
    </p>

    <p class='ocr_par' dir='ltr' id='par_1_17' title="bbox 172 1946 991 2028">
     <span class='ocr_line' id='line_1_18' title="bbox 172 1946 991 2028; baseline 0.002 -20"><span class='ocrx_word' id='word_1_118' title='bbox 172 1946 216 2008; x_wconf 88' lang='lat' dir='ltr'>sic</span> <span class='ocrx_word' id='word_1_119' title='bbox 230 1950 338 2009; x_wconf 92' lang='lat' dir='ltr'>tamen</span> <span class='ocrx_word' id='word_1_120' title='bbox 352 1949 384 2008; x_wconf 90' lang='lat' dir='ltr'>et</span> <span class='ocrx_word' id='word_1_121' title='bbox 398 1950 503 2028; x_wconf 88' lang='lat' dir='ltr'>spreto</span> <span class='ocrx_word' id='word_1_122' title='bbox 517 1947 681 2027; x_wconf 91' lang='lat' dir='ltr'>noctisque</span> <span class='ocrx_word' id='word_1_123' title='bbox 698 1947 859 2027; x_wconf 89' lang='lat' dir='ltr'>hostisque</span> <span class='ocrx_word' id='word_1_124' title='bbox 873 1948 991 2028; x_wconf 86' lang='lat' dir='ltr'>periclo</span> 
     </span>
    </p>

    <p class='ocr_par' dir='ltr' id='par_1_18' title="bbox 171 2044 1056 2125">
     <span class='ocr_line' id='line_1_19' title="bbox 171 2044 1056 2125; baseline 0.002 -19"><span class='ocrx_word' id='word_1_125' title='bbox 171 2064 284 2106; x_wconf 89' lang='lat' dir='ltr'>ausum</span> <span class='ocrx_word' id='word_1_126' title='bbox 299 2045 418 2119; x_wconf 89' lang='lat' dir='ltr'>eadem,</span> <span class='ocrx_word' id='word_1_127' title='bbox 436 2064 515 2125; x_wconf 88' lang='lat' dir='ltr'>quae</span> <span class='ocrx_word' id='word_1_128' title='bbox 530 2064 597 2119; x_wconf 90' lang='lat' dir='ltr'>nos,</span> <span class='ocrx_word' id='word_1_129' title='bbox 616 2044 755 2125; x_wconf 85' lang='lat' dir='ltr'>Phrygia</span> <span class='ocrx_word' id='word_1_130' title='bbox 769 2045 808 2106; x_wconf 92' lang='lat' dir='ltr'>de</span> <span class='ocrx_word' id='word_1_131' title='bbox 822 2049 916 2124; x_wconf 86' lang='lat' dir='ltr'>gente</span> <span class='ocrx_word' id='word_1_132' title='bbox 930 2045 1056 2108; x_wconf 89' lang='lat' dir='ltr'>Dolona</span> 
     </span>
    </p>

    <p class='ocr_par' dir='ltr' id='par_1_19' title="bbox 172 2142 991 2223">
     <span class='ocr_line' id='line_1_20' title="bbox 172 2142 991 2223; baseline 0.001 -21"><span class='ocrx_word' id='word_1_133' title='bbox 172 2142 336 2204; x_wconf 87' lang='lat' dir='ltr'>interimo:</span> <span class='ocrx_word' id='word_1_134' title='bbox 358 2162 424 2204; x_wconf 90' lang='lat' dir='ltr'>nou</span> <span class='ocrx_word' id='word_1_135' title='bbox 438 2147 511 2204; x_wconf 88' lang='lat' dir='ltr'>ante</span> <span class='ocrx_word' id='word_1_136' title='bbox 525 2147 643 2216; x_wconf 88' lang='lat' dir='ltr'>tamen,</span> <span class='ocrx_word' id='word_1_137' title='bbox 661 2162 757 2223; x_wconf 90' lang='lat' dir='ltr'>quarn</span> <span class='ocrx_word' id='word_1_138' title='bbox 772 2146 887 2204; x_wconf 89' lang='lat' dir='ltr'>cuncta</span> <span class='ocrx_word' id='word_1_139' title='bbox 902 2143 991 2222; x_wconf 78' lang='lat' dir='ltr'>cobgi</span> 
     </span>
    </p>

    <p class='ocr_par' dir='ltr' id='par_1_20' title="bbox 171 2239 992 2322">
     <span class='ocr_line' id='line_1_21' title="bbox 171 2239 992 2322; baseline 0 -22"><span class='ocrx_word' id='word_1_140' title='bbox 171 2241 314 2321; x_wconf 90' lang='lat' dir='ltr'>prodere,</span> <span class='ocrx_word' id='word_1_141' title='bbox 332 2244 365 2301; x_wconf 92' lang='lat' dir='ltr'>et</span> <span class='ocrx_word' id='word_1_142' title='bbox 379 2240 505 2314; x_wconf 85' lang='lat' dir='ltr'>edidici,</span> <span class='ocrx_word' id='word_1_143' title='bbox 522 2239 598 2320; x_wconf 91' lang='lat' dir='ltr'>quid</span> <span class='ocrx_word' id='word_1_144' title='bbox 612 2241 733 2322; x_wconf 91' lang='lat' dir='ltr'>perfida</span> <span class='ocrx_word' id='word_1_145' title='bbox 747 2239 843 2302; x_wconf 81' lang='lat' dir='ltr'>Troia</span> <span class='ocrx_word' id='word_1_146' title='bbox 857 2244 992 2322; x_wconf 88' lang='lat' dir='ltr'>pararet.</span> 
     </span>
    </p>

    <p class='ocr_par' dir='ltr' id='par_1_21' title="bbox 174 2337 1056 2419">
     <span class='ocr_line' id='line_1_22' title="bbox 174 2337 1056 2419; baseline 0.001 -20"><span class='ocrx_word' id='word_1_147' title='bbox 174 2337 290 2399; x_wconf 92' lang='lat' dir='ltr'>Omnia</span> <span class='ocrx_word' id='word_1_148' title='bbox 303 2357 484 2418; x_wconf 85' lang='lat' dir='ltr'>cognoram,</span> <span class='ocrx_word' id='word_1_149' title='bbox 501 2357 569 2412; x_wconf 91' lang='lat' dir='ltr'>uec,</span> <span class='ocrx_word' id='word_1_150' title='bbox 587 2338 672 2419; x_wconf 89' lang='lat' dir='ltr'>quod</span> <span class='ocrx_word' id='word_1_151' title='bbox 686 2337 874 2418; x_wconf 82' lang='lat' dir='ltr'>specularer,</span> <span class='ocrx_word' id='word_1_152' title='bbox 891 2338 1056 2415; x_wconf 88' lang='lat' dir='ltr'>habebam,</span> 
     </span>
    </p>

    <p class='ocr_par' dir='ltr' id='par_1_22' title="bbox 172 2435 939 2517">
     <span class='ocr_line' id='line_1_23' title="bbox 172 2435 939 2517; baseline 0.003 -21"><span class='ocrx_word' id='word_1_153' title='bbox 172 2438 205 2496; x_wconf 90' lang='lat' dir='ltr'>et</span> <span class='ocrx_word' id='word_1_154' title='bbox 219 2435 282 2496; x_wconf 90' lang='lat' dir='ltr'>iam</span> <span class='ocrx_word' id='word_1_155' title='bbox 296 2435 449 2515; x_wconf 91' lang='lat' dir='ltr'>promissa</span> <span class='ocrx_word' id='word_1_156' title='bbox 463 2439 605 2517; x_wconf 89' lang='lat' dir='ltr'>poteram</span> <span class='ocrx_word' id='word_1_157' title='bbox 619 2456 693 2497; x_wconf 92' lang='lat' dir='ltr'>cum</span> <span class='ocrx_word' id='word_1_158' title='bbox 707 2435 801 2497; x_wconf 91' lang='lat' dir='ltr'>laude</span> <span class='ocrx_word' id='word_1_159' title='bbox 815 2436 939 2500; x_wconf 81' lang='lat' dir='ltr'>reverti.</span> 
     </span>
    </p>

    <p class='ocr_par' dir='ltr' id='par_1_23' title="bbox 173 2532 858 2613">
     <span class='ocr_line' id='line_1_24' title="bbox 173 2532 858 2613; baseline 0.001 -20"><span class='ocrx_word' id='word_1_160' title='bbox 173 2533 271 2593; x_wconf 90' lang='lat' dir='ltr'><strong>Haud</strong></span> <span class='ocrx_word' id='word_1_161' title='bbox 285 2535 455 2594; x_wconf 85' lang='lat' dir='ltr'>contentus</span> <span class='ocrx_word' id='word_1_162' title='bbox 469 2553 505 2594; x_wconf 92' lang='lat' dir='ltr'>eo</span> <span class='ocrx_word' id='word_1_163' title='bbox 519 2532 597 2613; x_wconf 87' lang='lat' dir='ltr'>petii</span> <span class='ocrx_word' id='word_1_164' title='bbox 611 2533 749 2594; x_wconf 90' lang='lat' dir='ltr'>tentoria</span> <span class='ocrx_word' id='word_1_165' title='bbox 763 2533 858 2594; x_wconf 81' lang='lat' dir='ltr'>Rhesi</span> 
     </span>
    </p>

    <p class='ocr_par' dir='ltr' id='par_1_24' title="bbox 172 2629 947 2711">
     <span class='ocr_line' id='line_1_25' title="bbox 172 2629 947 2711; baseline 0.001 -21"><span class='ocrx_word' id='word_1_166' title='bbox 172 2629 270 2711; x_wconf 91' lang='lat' dir='ltr'>inque</span> <span class='ocrx_word' id='word_1_167' title='bbox 284 2630 348 2692; x_wconf 90' lang='lat' dir='ltr'>suis</span> <span class='ocrx_word' id='word_1_168' title='bbox 362 2630 467 2710; x_wconf 91' lang='lat' dir='ltr'>ipsum</span> <span class='ocrx_word' id='word_1_169' title='bbox 482 2630 592 2692; x_wconf 90' lang='lat' dir='ltr'>castris</span> <span class='ocrx_word' id='word_1_170' title='bbox 606 2630 798 2710; x_wconf 86' lang='lat' dir='ltr'>comitesque</span> <span class='ocrx_word' id='word_1_171' title='bbox 812 2629 947 2711; x_wconf 83' lang='lat' dir='ltr'>peremi3</span> 
     </span>
    </p>

    <p class='ocr_par' dir='ltr' id='par_1_25' title="bbox 173 2727 938 2809">
     <span class='ocr_line' id='line_1_26' title="bbox 173 2727 938 2809; baseline 0.001 -21"><span class='ocrx_word' id='word_1_172' title='bbox 173 2733 268 2807; x_wconf 93' lang='lat' dir='ltr'>atque</span> <span class='ocrx_word' id='word_1_173' title='bbox 282 2727 327 2788; x_wconf 92' lang='lat' dir='ltr'>ita</span> <span class='ocrx_word' id='word_1_174' title='bbox 341 2727 466 2809; x_wconf 89' lang='lat' dir='ltr'>captivo</span> <span class='ocrx_word' id='word_1_175' title='bbox 480 2727 580 2790; x_wconf 87' lang='lat' dir='ltr'>victor</span> <span class='ocrx_word' id='word_1_176' title='bbox 595 2727 737 2808; x_wconf 87' lang='lat' dir='ltr'>votisque</span> <span class='ocrx_word' id='word_1_177' title='bbox 751 2727 873 2809; x_wconf 89' lang='lat' dir='ltr'>potitus</span> <span class='ocrx_word' id='word_1_178' title='bbox 935 2793 938 2799; x_wconf 67' lang='grc'><strong>,</strong></span> 
     </span>
    </p>

    <p class='ocr_par' dir='ltr' id='par_1_26' title="bbox 172 2824 922 2906">
     <span class='ocr_line' id='line_1_27' title="bbox 172 2824 922 2906; baseline -0.001 -20"><span class='ocrx_word' id='word_1_179' title='bbox 172 2824 334 2905; x_wconf 85' lang='lat' dir='ltr'>ingredior</span> <span class='ocrx_word' id='word_1_180' title='bbox 348 2845 444 2887; x_wconf 91' lang='lat' dir='ltr'>curru</span> <span class='ocrx_word' id='word_1_181' title='bbox 457 2826 557 2886; x_wconf 92' lang='lat' dir='ltr'>laetos</span> <span class='ocrx_word' id='word_1_182' title='bbox 570 2824 718 2886; x_wconf 89' lang='lat' dir='ltr'>imitante</span> <span class='ocrx_word' id='word_1_183' title='bbox 735 2824 922 2906; x_wconf 84' lang='lat' dir='ltr'>triumphos.</span> 
     </span>
    </p>

    <p class='ocr_par' dir='ltr' id='par_1_27' title="bbox 175 2923 1039 3004">
     <span class='ocr_line' id='line_1_28' title="bbox 175 2923 1039 3004; baseline 0 -19"><span class='ocrx_word' id='word_1_184' title='bbox 175 2923 275 2985; x_wconf 92' lang='lat' dir='ltr'>Cuius</span> <span class='ocrx_word' id='word_1_185' title='bbox 289 2943 384 3004; x_wconf 88' lang='lat' dir='ltr'>equos</span> <span class='ocrx_word' id='word_1_186' title='bbox 398 2923 537 3004; x_wconf 90' lang='lat' dir='ltr'>pretinm</span> <span class='ocrx_word' id='word_1_187' title='bbox 551 2943 609 3004; x_wconf 91' lang='lat' dir='ltr'>pro</span> <span class='ocrx_word' id='word_1_188' title='bbox 623 2925 716 2984; x_wconf 90' lang='lat' dir='ltr'>nocte</span> <span class='ocrx_word' id='word_1_189' title='bbox 731 2927 915 3003; x_wconf 89' lang='lat' dir='ltr'>poposcerat</span> <span class='ocrx_word' id='word_1_190' title='bbox 928 2923 1039 2998; x_wconf 90' lang='lat' dir='ltr'>hostis,</span> 
     </span>
    </p>

    <p class='ocr_par' dir='ltr' id='par_1_28' title="bbox 173 3019 1062 3199">
     <span class='ocr_line' id='line_1_29' title="bbox 173 3019 963 3101; baseline -0.001 -19"><span class='ocrx_word' id='word_1_191' title='bbox 173 3040 262 3082; x_wconf 89' lang='lat' dir='ltr'>arma</span> <span class='ocrx_word' id='word_1_192' title='bbox 275 3025 387 3101; x_wconf 89' lang='lat' dir='ltr'>negate</span> <span class='ocrx_word' id='word_1_193' title='bbox 402 3021 493 3095; x_wconf 92' lang='lat' dir='ltr'>mihi,</span> <span class='ocrx_word' id='word_1_194' title='bbox 509 3020 670 3101; x_wconf 76' lang='lat' dir='ltr'>fueritque</span> <span class='ocrx_word' id='word_1_195' title='bbox 685 3019 852 3100; x_wconf 87' lang='lat' dir='ltr'>benignior</span> <span class='ocrx_word' id='word_1_196' title='bbox 866 3020 963 3082; x_wconf 81' lang='lat' dir='ltr'>Aiax!</span> 
     </span>
     <span class='ocr_line' id='line_1_30' title="bbox 258 3117 1062 3199; baseline 0.001 -20"><span class='ocrx_word' id='word_1_197' title='bbox 258 3117 362 3192; x_wconf 80' lang='lat' dir='ltr'>‘Quid</span> <span class='ocrx_word' id='word_1_198' title='bbox 377 3118 467 3198; x_wconf 89' lang='lat' dir='ltr'>Lycii</span> <span class='ocrx_word' id='word_1_199' title='bbox 482 3119 617 3180; x_wconf 76' lang='lat' dir='ltr'>referam</span> <span class='ocrx_word' id='word_1_200' title='bbox 632 3117 822 3199; x_wconf 84' lang='lat' dir='ltr'>Sarpedonis</span> <span class='ocrx_word' id='word_1_201' title='bbox 837 3119 965 3196; x_wconf 86' lang='lat' dir='ltr'>agmina</span> <span class='ocrx_word' id='word_1_202' title='bbox 978 3121 1062 3180; x_wconf 82' lang='lat' dir='ltr'>ferro</span> 
     </span>
    </p>

    <p class='ocr_par' dir='ltr' id='par_1_29' title="bbox 173 3215 941 3295">
     <span class='ocr_line' id='line_1_31' title="bbox 173 3215 941 3295; baseline -0.001 -19"><span class='ocrx_word' id='word_1_203' title='bbox 173 3216 336 3277; x_wconf 85' lang='lat' dir='ltr'>devastata</span> <span class='ocrx_word' id='word_1_204' title='bbox 349 3218 444 3277; x_wconf 85' lang='lat' dir='ltr'>meo?</span> <span class='ocrx_word' id='word_1_205' title='bbox 486 3216 568 3278; x_wconf 92' lang='lat' dir='ltr'>Cum</span> <span class='ocrx_word' id='word_1_206' title='bbox 582 3216 685 3277; x_wconf 90' lang='lat' dir='ltr'>multo</span> <span class='ocrx_word' id='word_1_207' title='bbox 700 3215 854 3295; x_wconf 88' lang='lat' dir='ltr'>sanguiue</span> <span class='ocrx_word' id='word_1_208' title='bbox 869 3215 941 3276; x_wconf 81' lang='lat' dir='ltr'>iudi</span> 
     </span>
    </p>

    <p class='ocr_par' dir='ltr' id='par_1_30' title="bbox 63 3312 1053 3394">
     <span class='ocr_line' id='line_1_32' title="bbox 63 3312 1053 3394; baseline 0.003 -24"><span class='ocrx_word' id='word_1_209' title='bbox 63 3351 75 3370; x_wconf 49' lang='lat' dir='ltr'>r</span> <span class='ocrx_word' id='word_1_210' title='bbox 176 3312 339 3374; x_wconf 79' lang='lat' dir='ltr'>Coeranon</span> <span class='ocrx_word' id='word_1_211' title='bbox 354 3313 518 3393; x_wconf 90' lang='lat' dir='ltr'>Iphitiden</span> <span class='ocrx_word' id='word_1_212' title='bbox 533 3318 566 3375; x_wconf 89' lang='lat' dir='ltr'>et</span> <span class='ocrx_word' id='word_1_213' title='bbox 580 3314 788 3394; x_wconf 89' lang='lat' dir='ltr'>Alastoraque</span> <span class='ocrx_word' id='word_1_214' title='bbox 805 3312 1053 3394; x_wconf 74' lang='lat' dir='ltr'>Chromiumque</span> 
     </span>
    </p>

    <p class='ocr_par' dir='ltr' id='par_1_31' title="bbox 175 3409 1126 3492">
     <span class='ocr_line' id='line_1_33' title="bbox 175 3409 1126 3492; baseline 0 -22"><span class='ocrx_word' id='word_1_215' title='bbox 175 3409 435 3491; x_wconf 90' lang='lat' dir='ltr'>Alcandrumque</span> <span class='ocrx_word' id='word_1_216' title='bbox 449 3411 643 3492; x_wconf 90' lang='lat' dir='ltr'>Haliumque</span> <span class='ocrx_word' id='word_1_217' title='bbox 658 3412 887 3490; x_wconf 75' lang='lat' dir='ltr'>Nobmonaque</span> <span class='ocrx_word' id='word_1_218' title='bbox 902 3411 1126 3492; x_wconf 84' lang='lat' dir='ltr'>Prytaninque,</span> 
     </span>
    </p>

    <p class='ocr_par' dir='ltr' id='par_1_32' title="bbox 175 3507 938 3588">
     <span class='ocr_line' id='line_1_34' title="bbox 175 3507 938 3588; baseline 0.001 -21"><span class='ocrx_word' id='word_1_219' title='bbox 175 3507 335 3588; x_wconf 91' lang='lat' dir='ltr'>exitioque</span> <span class='ocrx_word' id='word_1_220' title='bbox 349 3509 422 3570; x_wconf 90' lang='lat' dir='ltr'>dedi</span> <span class='ocrx_word' id='word_1_221' title='bbox 438 3529 512 3570; x_wconf 91' lang='lat' dir='ltr'>cum</span> <span class='ocrx_word' id='word_1_222' title='bbox 528 3509 789 3570; x_wconf 78' lang='lat' dir='ltr'>Chersidamante</span> <span class='ocrx_word' id='word_1_223' title='bbox 806 3507 938 3569; x_wconf 82' lang='lat' dir='ltr'>Thoona</span> 
     </span>
    </p>

    <p class='ocr_par' dir='ltr' id='par_1_33' title="bbox 175 3605 1275 3686">
     <span class='ocr_line' id='line_1_35' title="bbox 175 3605 1275 3686; baseline -0.002 -20"><span class='ocrx_word' id='word_1_224' title='bbox 175 3608 208 3666; x_wconf 90' lang='lat' dir='ltr'>et</span> <span class='ocrx_word' id='word_1_225' title='bbox 224 3605 400 3686; x_wconf 90' lang='lat' dir='ltr'>Charopem</span> <span class='ocrx_word' id='word_1_226' title='bbox 414 3605 551 3686; x_wconf 79' lang='lat' dir='ltr'>fatisque</span> <span class='ocrx_word' id='word_1_227' title='bbox 565 3606 734 3668; x_wconf 91' lang='lat' dir='ltr'>inmitibus</span> <span class='ocrx_word' id='word_1_228' title='bbox 749 3607 919 3666; x_wconf 83' lang='lat' dir='ltr'>Ennomon</span> <span class='ocrx_word' id='word_1_229' title='bbox 934 3609 1038 3666; x_wconf 88' lang='lat' dir='ltr'>actum</span> <span class='ocrx_word' id='word_1_230' title='bbox 1216 3606 1275 3664; x_wconf 78' lang='lat'>260</span> 
     </span>
    </p>

    <p class='ocr_par' dir='ltr' id='par_1_34' title="bbox 176 3702 1039 3782">
     <span class='ocr_line' id='line_1_36' title="bbox 176 3702 1039 3782; baseline 0 -21"><span class='ocrx_word' id='word_1_231' title='bbox 176 3702 293 3782; x_wconf 91' lang='lat' dir='ltr'>quique</span> <span class='ocrx_word' id='word_1_232' title='bbox 308 3703 414 3764; x_wconf 89' lang='lat' dir='ltr'>minus</span> <span class='ocrx_word' id='word_1_233' title='bbox 428 3704 563 3765; x_wconf 89' lang='lat' dir='ltr'>celebres</span> <span class='ocrx_word' id='word_1_234' title='bbox 577 3708 685 3764; x_wconf 90' lang='lat' dir='ltr'>nostra</span> <span class='ocrx_word' id='word_1_235' title='bbox 700 3703 758 3764; x_wconf 88' lang='lat' dir='ltr'>sub</span> <span class='ocrx_word' id='word_1_236' title='bbox 773 3703 938 3765; x_wconf 90' lang='lat' dir='ltr'>moenibus</span> <span class='ocrx_word' id='word_1_237' title='bbox 953 3702 1039 3763; x_wconf 91' lang='lat' dir='ltr'>urbis</span> 
     </span>
    </p>

    <p class='ocr_par' dir='ltr' id='par_1_35' title="bbox 175 3800 1030 3886">
     <span class='ocr_line' id='line_1_37' title="bbox 175 3800 1030 3886; baseline -0.001 -26"><span class='ocrx_word' id='word_1_238' title='bbox 175 3801 371 3881; x_wconf 90' lang='lat' dir='ltr'>procubuere</span> <span class='ocrx_word' id='word_1_239' title='bbox 386 3821 492 3886; x_wconf 84' lang='lat' dir='ltr'>manu.</span> <span class='ocrx_word' id='word_1_240' title='bbox 538 3801 621 3863; x_wconf 84' lang='lat' dir='ltr'>Sunt</span> <span class='ocrx_word' id='word_1_241' title='bbox 635 3804 668 3862; x_wconf 95' lang='lat' dir='ltr'>et</span> <span class='ocrx_word' id='word_1_242' title='bbox 682 3800 762 3862; x_wconf 92' lang='lat' dir='ltr'>mihi</span> <span class='ocrx_word' id='word_1_243' title='bbox 778 3801 919 3873; x_wconf 85' lang='lat' dir='ltr'>vulnera,</span> <span class='ocrx_word' id='word_1_244' title='bbox 937 3801 1030 3872; x_wconf 90' lang='lat' dir='ltr'>cives,</span> 
     </span>
    </p>

    <p class='ocr_par' dir='ltr' id='par_1_36' title="bbox 176 3897 965 3978">
     <span class='ocr_line' id='line_1_38' title="bbox 176 3897 965 3978; baseline -0.001 -20"><span class='ocrx_word' id='word_1_245' title='bbox 176 3897 245 3978; x_wconf 91' lang='lat' dir='ltr'>ipso</span> <span class='ocrx_word' id='word_1_246' title='bbox 254 3898 394 3978; x_wconf 80' lang='lat' dir='ltr'>pulchra</span> <span class='ocrx_word' id='word_1_247' title='bbox 407 3899 486 3961; x_wconf 87' lang='lat' dir='ltr'>loco.</span> <span class='ocrx_word' id='word_1_248' title='bbox 530 3899 597 3960; x_wconf 91' lang='lat' dir='ltr'>Nec</span> <span class='ocrx_word' id='word_1_249' title='bbox 612 3899 701 3960; x_wconf 86' lang='lat' dir='ltr'>vanis</span> <span class='ocrx_word' id='word_1_250' title='bbox 716 3897 833 3960; x_wconf 88' lang='lat' dir='ltr'>credite</span> <span class='ocrx_word' id='word_1_251' title='bbox 848 3898 965 3959; x_wconf 85' lang='lat' dir='ltr'>verbis:</span> 
     </span>
    </p>
   </div>
   <div class='ocr_carea' id='block_1_3' title="bbox 176 3991 1123 4076">
    <p class='ocr_par' dir='ltr' id='par_1_37' title="bbox 176 3991 1123 4076">
     <span class='ocr_line' id='line_1_39' title="bbox 176 3991 1123 4076; baseline -0.008 -20"><span class='ocrx_word' id='word_1_252' title='bbox 176 3995 330 4076; x_wconf 89' lang='lat' dir='ltr'>adspicite</span> <span class='ocrx_word' id='word_1_253' title='bbox 343 3996 420 4058; x_wconf 86' lang='lat' dir='ltr'>enl’</span> <span class='ocrx_word' id='word_1_254' title='bbox 442 4000 622 4076; x_wconf 87' lang='lat' dir='ltr'>vestemque</span> <span class='ocrx_word' id='word_1_255' title='bbox 637 4015 733 4057; x_wconf 89' lang='lat' dir='ltr'>manu</span> <span class='ocrx_word' id='word_1_256' title='bbox 749 3993 876 4054; x_wconf 86' lang='lat' dir='ltr'>diduxit</span> <span class='ocrx_word' id='word_1_257' title='bbox 890 3999 922 4053; x_wconf 90' lang='lat' dir='ltr'>et</span> <span class='ocrx_word' id='word_1_258' title='bbox 939 3993 1033 4052; x_wconf 89' lang='lat' dir='ltr'>‘haec</span> <span class='ocrx_word' id='word_1_259' title='bbox 1047 3991 1123 4050; x_wconf 91' lang='lat' dir='ltr'>sunt</span> 
     </span>
    </p>
   </div>
   <div class='ocr_carea' id='block_1_4' title="bbox 0 0 1491 4380">
    <p class='ocr_par' dir='ltr' id='par_1_38' title="bbox 0 0 1491 4380">
     <span class='ocr_line' id='line_1_40' title="bbox 0 0 1491 4380; baseline 0 0"><span class='ocrx_word' id='word_1_260' title='bbox 0 0 1491 4380; x_wconf 95' lang='lat' dir='ltr'> </span> 
     </span>
    </p>
   </div>
  </div>
 </body>
</html>
