2964 4380
499 218 663 265 PYRAMUS
685 219 761 264 ΛΝΒ
783 218 916 264 THISBE.

157 371 327 451 Pyramus:
351 372 389 430 ut
403 387 475 430 vero
490 372 608 432 vestem
624 388 748 450 quoque
763 368 917 449 sanguine
931 367 1067 430 tinctam

155 468 307 550 repperit,
327 467 420 530 ‘Una
434 468 533 528 duos'
550 467 657 548 inquit
673 468 756 528 ‘nox
771 467 881 547 perdet
895 469 1046 528 amantes.

157 567 187 628 E
203 567 318 647 quibus
332 565 388 626 illa
401 565 467 626 fuit
480 565 575 645 longa
589 565 775 646 dignissima
792 565 865 638 vita,

156 669 266 725 nostra
281 683 396 725 nocens
410 662 517 724 anima
531 666 591 724 est:
613 682 671 742 ego
686 665 728 736 te,
746 661 933 734 miseranda,
950 658 1082 741 peremi,
1200 662 1258 721 110

158 760 194 821 in
210 762 276 822 loca
290 761 385 841 plena
399 764 502 820 metus
517 759 572 840 qui
586 759 663 821 iussi
677 763 770 821 nocte
784 759 917 833 venires,

158 878 218 920 neo
233 859 320 938 prior
334 857 397 918 huo
412 856 495 918 veni.
540 857 694 918 Nostrum
708 856 850 918 divellite
863 875 988 937 corpus,

78 1021 89 1038 ,
158 960 192 1017 et
206 956 355 1017 scelerata
368 955 437 1016 lero
450 954 627 1016 consumite
641 954 759 1016 viscera
772 973 889 1027 morsu,

158 1074 178 1114 0
193 1053 386 1133 quicumque
401 1052 459 1112 sub
473 1051 532 1113 hac
545 1051 696 1113 habitatis
711 1071 800 1132 rupe,
816 1052 931 1114 leones.

159 1150 221 1212 Sed
237 1149 343 1210 timidi
357 1153 405 1211 ast
419 1135 528 1227 optare
543 1149 678 1210 necem’
729 1147 897 1210 Velamina
910 1147 1043 1210 Thisbes
1202 1148 1259 1206 115

159 1248 246 1309 tollit
261 1251 292 1309 et
307 1248 346 1308 ad
362 1251 471 1326 pactae
485 1265 591 1307 secum
606 1247 669 1308 lert
686 1245 805 1308 arboris
820 1247 979 1320 umbram;

158 1351 260 1425 utque
274 1344 363 1406 dedit
378 1347 471 1404 notae
485 1343 639 1416 lacrimas,
656 1343 746 1405 dedit
759 1343 865 1410 oscula
878 1342 968 1416 vasti,

161 1442 300 1522 ‘Accipe
313 1442 420 1502 uuno’
437 1441 543 1521 inquit
559 1441 567 1469 ‘
581 1441 681 1502 nostri
696 1460 821 1521 quoque
835 1439 999 1520 sanguinis
1013 1439 1159 1501 haustus!
1172 1438 1180 1466 ’

160 1559 287 1621 quoque
301 1542 369 1600 erat
382 1538 555 1611 accinctus,
572 1537 699 1599 demisit
712 1537 747 1598 in
762 1537 816 1600 ilia
829 1539 962 1610 ferrum,

160 1657 219 1699 nec
233 1656 331 1709 mora,
349 1634 485 1697 ferventi
500 1635 636 1697 moriens
650 1655 667 1696 e
683 1636 812 1696 vulnere
826 1635 933 1696 traxit.
1202 1635 1260 1693 120

241 1735 289 1796 Ut
303 1733 402 1795 iacuit
416 1732 593 1814 resupinus,
610 1733 709 1794 humo
723 1752 816 1794 cruor
830 1733 945 1794 emicat
958 1732 1032 1807 alte,

161 1851 226 1893 non
241 1831 343 1905 aliter,
362 1851 455 1912 quam
471 1851 544 1892 cum
560 1831 671 1892 vitiato
691 1831 797 1892 fistula
811 1829 942 1912 plumbo

161 1928 319 1990 scinditur
332 1932 365 1989 et
380 1927 469 1989 tenui
484 1927 638 1990 stridente
652 1927 808 1990 foramine
821 1928 933 2007 longas

160 2025 336 2088 eiaculatur
350 2045 447 2106 aquas
460 2029 555 2106 atque
570 2025 686 2087 ictibus
700 2033 773 2088 aera
786 2026 920 2106 rumpit.

162 2121 296 2184 Arborei
310 2123 395 2184 fatus
409 2123 596 2204 adspergine
610 2123 713 2186 caedis
731 2123 764 2184 in
780 2127 882 2184 atram

164 2224 332 2282 vertuntur
346 2220 482 2294 taciems
490 2221 729 2301 madefactaque
743 2220 897 2301 sauguine
912 2219 1002 2282 radix

162 2338 322 2399 purpureo
337 2317 460 2397 tinguit
473 2318 648 2398 pendentia
660 2338 749 2379 mora
762 2319 873 2379 colore.

245 2416 327 2476 Ecce
342 2420 429 2476 metu
445 2416 587 2477 noudum
603 2415 716 2495 posito,
730 2435 770 2476 ne
784 2416 876 2478 fallat
889 2417 1060 2487 amantem,

162 2513 218 2574 illa
232 2513 316 2573 redit
330 2513 538 2593 iuvenemque
553 2513 652 2574 oculis
666 2511 833 2592 animoque
848 2511 993 2591 requirit,

164 2613 345 2689 quantaque
357 2609 466 2670 vitarit
480 2629 606 2670 narrare
620 2608 760 2689 pericula
773 2608 877 2688 gestit.

162 2707 275 2787 thue
289 2707 394 2767 locum
408 2709 441 2767 et
455 2706 520 2768 visst
534 2706 694 2786 cognoscit
709 2706 742 2765 in
757 2705 865 2766 arbore
879 2705 1027 2776 formam,

164 2803 209 2864 sic
223 2803 302 2864 iacit
315 2803 470 2864 incertam
484 2803 570 2884 pomi
585 2804 685 2864 color:
706 2804 824 2876 haeret,
841 2822 881 2863 au
896 2802 972 2863 haec
987 2801 1039 2863 sit.

165 2901 252 2961 Dum
268 2901 406 2973 dubitat,
423 2901 631 2963 tremebunda
645 2901 731 2962 videt
746 2902 870 2981 pulsare
885 2903 1053 2960 cruentum

164 3000 306 3060 membra
320 2998 432 3072 solum,
449 3004 595 3078 retroque
609 2999 721 3078 pedem
737 2998 824 3071 tulit,
841 3018 956 3077 oraque
971 2997 1054 3058 buxo

163 3096 331 3176 pallidiora
344 3116 455 3176 geraus
469 3095 633 3158 exhorruit
647 3096 790 3176 aequoris
803 3096 914 3168 instar,
929 3099 934 3110 '

165 3193 252 3273 quod
267 3193 387 3266 tremit,
400 3194 514 3273 exigua
528 3213 601 3254 cum
616 3213 777 3253 summum
792 3192 961 3271 stringitur
976 3211 1061 3252 aura.

248 3290 308 3351 Sed
323 3295 490 3371 postquam
505 3294 660 3352 remorata
674 3310 745 3351 suos
760 3290 908 3369 coguovit
922 3308 1052 3363 amores,

164 3386 307 3468 percutit
321 3387 469 3468 indignos
484 3389 567 3450 claro
582 3388 732 3468 plangore
746 3389 889 3460 lacertos,

164 3488 197 3545 ot
211 3483 331 3545 laniata
345 3505 449 3546 comas
462 3486 668 3566 amplexaque
683 3505 796 3564 corpus
810 3489 952 3545 amatum

165 3582 298 3642 vulnera
312 3582 471 3662 supplevit
486 3582 622 3643 lacrimis
637 3582 809 3662 fictumque
821 3580 926 3642 cruori

166 3678 296 3739 miscuit
311 3682 343 3740 ct
357 3679 470 3760 gelidis
484 3679 518 3740 in
534 3679 674 3740 vultibus
689 3679 794 3740 oscula
808 3680 907 3758 figens

167 3776 342 3855 ‘Pyramo'
359 3777 516 3851 clamavit,
536 3777 626 3858 ‘quis
641 3781 671 3838 te
686 3776 767 3838 mihi
782 3795 870 3838 casus
884 3773 1027 3836 ademit?

167 3873 311 3952 Pyrame,
329 3875 496 3954 responde:
520 3879 575 3936 tua
589 3879 621 3936 te
635 3873 795 3936 carissima
810 3873 926 3933 Thisbe

168 3969 326 4037 nominat:
349 3972 462 4033 exaudi
477 3972 646 4051 vultusque
660 3970 769 4034 attolle
784 3966 956 4040 iacentest’
