2964 4380
207 221 247 302 38
401 228 429 273 P.
456 226 570 273 0v1n11
593 225 743 272 Nasonis
766 225 928 272 aarum
951 225 1107 274 sanson.

205 382 238 444 N
239 400 302 442 unc
316 379 463 460 equidem
477 379 590 452 fateor,
607 378 752 458 fassoque
767 376 910 458 ignoscat
924 380 1053 442 Atrides
1067 401 1076 442 ε

205 479 366 540 difficilem
384 477 471 539 tenui
486 478 544 539 sub
558 476 669 556 iniquo
684 476 788 537 iudice
803 495 945 538 causam:
1161 509 1164 516 ·
1245 482 1304 541 190

205 577 293 638 hunc
308 582 415 638 tamen
429 575 551 638 utilitas
565 575 676 657 populi
691 577 852 655 fraterque
867 575 997 656 datique

205 695 329 736 summa
343 679 448 736 movet
462 675 588 756 sceptri,
601 674 727 736 landem
743 678 782 735 ut
795 694 869 735 oum
883 674 1037 755 sanguine
1051 678 1170 754 panset.

287 773 420 834 ‘Mittor
434 777 466 834 et
480 774 520 834 ad
534 776 679 846 matrem,
697 792 776 852 quae
791 793 856 834 non
870 772 1037 848 hortanda,
1054 773 1107 834 sed
1122 776 1192 833 astu

204 870 392 950 decipienda
405 870 479 930 fuit.
525 870 593 944 Quo
608 870 634 930 si
649 870 852 931 Telamonius
866 870 951 944 isset,

205 969 280 1030 orba
294 969 358 1029 suis
372 972 475 1029 essent
489 969 584 1029 etiam
599 987 686 1028 nunc
700 968 799 1029 lintea
812 969 925 1029 ventis.
1244 969 1302 1027 195

206 1064 319 1126 Mittor
332 1069 365 1126 et
380 1065 491 1126 iliacas
505 1065 607 1126 audax
622 1068 727 1126 orator
741 1065 781 1126 ad
795 1084 891 1137 arces,

205 1162 331 1241 visaque
346 1166 378 1224 et
393 1162 511 1224 intrata
525 1167 572 1223 est
586 1162 667 1223 altae
683 1163 761 1223 milri
777 1163 865 1223 ouria
880 1162 1007 1239 Troiae3

205 1259 360 1339 plenaque
375 1260 479 1320 adhuc
493 1267 560 1321 erat
574 1259 629 1320 illa
643 1259 729 1320 viris.
774 1259 945 1321 Interritus
958 1259 1019 1340 egi,

205 1375 300 1435 quam
315 1357 395 1418 mihi
411 1358 576 1418 mandarat
590 1377 791 1418 communem
807 1356 938 1418 Graecia
951 1377 1087 1430 causam,

206 1474 378 1535 accusoque
394 1455 488 1516 Parin
503 1456 713 1535 praedamque
729 1455 947 1535 Helenamque
962 1474 1088 1535 reposco
1243 1457 1303 1514 200

205 1556 238 1613 et
253 1571 361 1613 moveo
377 1552 539 1612 Priamum
555 1552 742 1632 Priamoque
753 1552 918 1613 Antenora
932 1552 1089 1612 iunctum.

206 1649 251 1710 At
267 1649 355 1710 Paris
369 1652 401 1710 et
415 1649 529 1710 fratres
542 1653 575 1710 et
589 1649 644 1731 qui
660 1669 791 1730 rapuere
805 1650 864 1711 sub
878 1650 943 1722 illo,

205 1747 259 1806 vix
273 1750 403 1807 tenuero
417 1766 530 1807 manus
548 1747 624 1826 (scis
637 1747 707 1821 hoo,
726 1746 883 1827 Menelai.)
900 1747 1064 1820 nefandas,

206 1844 370 1924 primaque
384 1845 441 1904 lux
456 1844 556 1905 nostri
571 1849 676 1906 tecum
690 1845 756 1906 fuit
770 1845 824 1907 illa
838 1845 958 1926 pericli.

289 1942 418 2021 ‘Longa
432 1942 547 2003 referre
562 1963 649 2004 mora
663 1947 720 2016 est,
735 1963 814 2023 quae
828 1943 1021 2023 consilioque
1035 1961 1194 2022 manuque
1244 1945 1302 2003 205

205 2039 329 2100 utiliter
343 2039 404 2100 feci
419 2038 548 2118 spatiosi
561 2044 703 2120 temporo
717 2040 801 2101 belli.

207 2135 283 2198 Post
296 2135 377 2198 acies
391 2136 509 2216 primas
522 2137 610 2199 urbis
623 2158 655 2200 sc
670 2138 834 2199 moenibus
848 2137 953 2199 hostes
1050 2124 1052 2132 '

206 2234 391 2295 continuere
406 2235 473 2305 diu,
490 2254 548 2296 nec
562 2235 663 2316 aperti
678 2235 768 2316 copia
783 2235 895 2296 Martis

206 2332 272 2392 ulla
286 2331 364 2392 fuit:
388 2332 509 2393 decimo
523 2333 652 2393 demum
667 2333 879 2414 pugnavimus
892 2353 987 2394 anna.

207 2428 291 2503 Quid
306 2429 384 2489 facis
399 2429 528 2500 interea,
547 2430 601 2509 qui
616 2430 672 2501 nil,
690 2431 751 2491 nisi
767 2430 896 2510 proelia,
914 2429 1022 2490 nosti?
1243 2432 1303 2490 210

207 2526 284 2600 Quis
298 2530 374 2586 tuus
388 2546 463 2587 usus
477 2529 568 2587 erat?
609 2529 693 2589 Nam
708 2528 732 2588 si
749 2548 818 2589 rnoa
831 2529 916 2588 facta
930 2524 1073 2606 requiris,

206 2623 350 2685 hostibus
364 2624 510 2699 insidior3
533 2625 630 2685 fossas
644 2625 822 2686 munimine
837 2625 945 2703 cing03

206 2722 350 2783 consolor
364 2722 472 2795 socios,
490 2725 527 2782 ut
540 2721 628 2801 longi
644 2722 747 2783 taedia
763 2722 835 2783 belli

207 2823 313 2880 mente
328 2819 433 2879 ierant
447 2817 584 2899 placida3
608 2820 713 2892 doceO,
731 2839 792 2898 quo
808 2818 905 2880 simus
919 2817 1024 2879 alendi

206 2915 413 2996 armandique
427 2917 535 2990 modo;
558 2915 679 2989 mittor,
697 2935 759 2995 quo
773 2914 915 2995 postulat
929 2934 1013 2975 usus.
1244 2916 1302 2974 215

290 3012 391 3073 ‘Ecce
406 3011 490 3073 lovis
504 3014 639 3086 monitu,
657 3013 807 3092 deceptus
821 3012 959 3090 imagine
974 3009 1087 3102 somni,

207 3130 261 3170 rex
277 3110 364 3170 iubet
378 3109 496 3191 incepti
511 3129 619 3170 curam
630 3109 791 3171 dimittere
805 3109 891 3171 belli.

208 3207 266 3268 Ille
281 3211 385 3286 potest
399 3211 525 3268 auctore
540 3227 628 3268 suam
643 3208 812 3268 defendere
827 3226 949 3267 vocem:

207 3325 272 3365 non
287 3304 371 3364 sinat
385 3303 444 3365 hoo
458 3304 540 3365 Aiax
554 3305 749 3384 delendaque
764 3303 917 3382 Pergama
930 3305 1048 3383 poscat,

209 3403 354 3481 quodque
369 3404 482 3481 potest,
499 3405 631 3480 pugnet.
677 3401 743 3463 Our
757 3420 822 3461 non
837 3404 1013 3462 remoratur
1026 3400 1151 3460 ituros?
1246 3402 1304 3460 220

209 3499 275 3561 Our
289 3519 353 3559 non
368 3519 455 3560 anna
468 3498 565 3577 capit,
582 3499 648 3571 dat,
666 3500 749 3578 quod
766 3517 843 3576 vaga
856 3498 950 3558 turba
964 3499 1136 3576 sequatur?

209 3596 282 3657 Non
298 3600 365 3656 erat
379 3596 438 3657 hoc
453 3595 589 3655 nimium
603 3615 779 3675 numquam
793 3595 855 3656 nisi
871 3616 986 3675 magna
999 3595 1153 3675 loquenti.

209 3692 293 3768 Quid
309 3694 392 3773 quod
406 3697 439 3755 et
452 3693 518 3773 ipse
532 3692 643 3772 fugit?
684 3693 770 3770 Vidi,
785 3693 963 3774 puduitque
976 3693 1093 3765 videre,

209 3811 282 3852 curn
299 3795 332 3851 tn
349 3796 436 3871 terga
450 3791 539 3852 dares
553 3790 781 3872 inhonestaque
796 3791 865 3852 vela
878 3810 1012 3871 parares.

210 3890 278 3949 Nec
294 3909 390 3961 mora,
410 3887 527 3962 “Quid
541 3888 672 3950 facitis?
693 3909 772 3968 quae
786 3909 840 3950 vos
854 3887 1014 3950 dementia
1024 3888 1046 3917 ’²
1062 3887 1129 3949 dixi
1247 3889 1306 3948 225

213 3985 235 4013 “
248 3985 394 4058 concitat,
414 4003 432 4044 o
446 3983 532 4057 socii,
549 3989 673 4064 captam
689 3986 850 4047 dimittere
865 3985 1017 4046 Troiam?
