2964 4380
513 209 670 258 ORPHEUS
692 209 767 256 AND
790 208 975 254 naamon.

189 379 289 442 nsque
303 359 368 422 fuit
382 360 548 442 nullosque
563 359 687 422 invenit
701 359 841 421 motibus
853 357 954 438 ignes.

272 458 387 520 Exitus
400 459 540 539 auspicio
554 458 693 538 gravior:
715 477 790 519 nam
806 463 908 538 nupta
921 475 978 536 per
991 455 1103 518 herbas

189 555 268 616 dum
284 575 364 618 nova
377 558 529 618 naiadum
544 556 638 622 turba
652 555 803 617 comitata
813 559 958 634 vagatur,

189 654 306 714 occidit
321 654 355 714 in
369 655 472 715 talum
486 655 641 734 serpentis
655 653 751 715 dente
766 657 901 733 recepto.

271 751 373 826 Quam
388 753 463 814 satis
477 754 518 814 ad
532 772 659 833 superas
678 757 845 832 postquem
862 750 1065 828 Rhodopeius
1077 769 1169 812 auras

189 849 317 910 deflevit
332 855 427 923 vates,
447 870 484 911 ne
499 871 564 911 non
581 853 750 930 temptaret
764 854 797 910 ct
810 849 948 922 umbras,

188 946 229 1006 ad
245 947 343 1026 Styga
358 947 511 1008 Taenaria
525 952 572 1009 cst
586 967 681 1009 ausus
695 945 884 1009 descendere
898 949 1004 1026 porta;

189 1063 307 1124 perque
321 1045 404 1106 leves
417 1045 550 1125 populos
564 1045 794 1124 simulacraque
809 1045 922 1105 functa
936 1043 1080 1122 sepulcro

190 1141 414 1221 Persephonen
429 1142 509 1204 adiit
523 1142 751 1222 inamoenaque
766 1161 863 1222 regna
879 1146 1038 1202 tenentem

191 1233 375 1300 umbrarum
389 1239 566 1301 dominum.
613 1239 778 1319 Pulsisque
791 1240 830 1300 ad
846 1239 988 1300 earmina
1002 1237 1106 1300 nervis

189 1335 234 1396 sie
248 1335 309 1396 ait:
333 1336 380 1398 ‘0
395 1336 490 1416 positi
505 1338 563 1399 sub
579 1342 662 1399 terra
676 1337 810 1398 numina
824 1336 948 1410 mundi,

189 1433 224 1494 in
239 1454 332 1513 quem
348 1434 546 1508 reccidimus,
564 1433 716 1515 quiequid
731 1435 864 1495 mortale
878 1452 1032 1506 creamur,

190 1531 216 1592 si
230 1531 305 1592 lieet
319 1535 351 1592 et
364 1531 437 1593 falsi
453 1531 561 1612 positis
575 1531 760 1610 ambagibus
774 1530 836 1592 oris

189 1647 263 1689 vera
276 1628 364 1709 loqui
379 1628 493 1702 sinitis,
511 1649 575 1690 non
591 1629 665 1702 huc,
684 1633 720 1689 ut
733 1648 831 1708 opaca
845 1629 986 1691 viderem

94 1722 98 1728 ’
191 1725 333 1799 Tartara,
350 1727 508 1800 descendi,
525 1746 584 1788 nee
605 1726 655 1788 uti
670 1726 779 1788 villosa
792 1725 930 1788 colubris

190 1826 281 1884 terna
296 1823 456 1884 Medusaei
471 1809 624 1885 vincirem
639 1827 772 1902 guttura
787 1822 936 1883 monstri:

190 1939 284 1981 causa
297 1920 364 1982 viae
379 1925 425 1982 est
440 1920 590 1992 coniunx,
607 1921 641 1981 in
657 1941 752 2001 quam
767 1921 887 1981 calcata
901 1938 1059 1980 venenum

190 2016 298 2096 vipera
312 2017 444 2078 diffudit
457 2022 693 2098 crescentesque
711 2017 842 2079 abstulit
856 2007 975 2078 annos'

273 2115 387 2176 ‘Posse
401 2114 469 2195 pati
484 2115 569 2176 volui
585 2135 642 2177 neo
656 2135 706 2176 me
721 2119 890 2195 temptasse
905 2114 1039 2194 negabo:

190 2211 267 2273 vicit
282 2211 390 2273 Amor.
437 2212 557 2292 Supera
570 2213 648 2274 deus
662 2212 714 2273 hic
729 2212 917 2274 benenatus
932 2212 967 2272 in
981 2231 1035 2273 ora
1047 2215 1105 2284 est,

189 2329 231 2370 an
246 2309 287 2370 sit
301 2313 333 2370 et
347 2309 410 2383 hic,
428 2310 551 2372 dubito.
596 2311 657 2372 Sed
672 2314 705 2373 et
719 2311 771 2372 hie
785 2315 893 2372 tamen
907 2330 1045 2391 auguror
1059 2329 1137 2384 esse;

189 2406 336 2486 famaque
351 2407 375 2467 si
391 2406 505 2468 veteris
519 2427 583 2468 non
598 2413 645 2468 est
659 2407 793 2469 mentita
808 2408 947 2487 rapinae,

190 2523 245 2564 vos
260 2524 383 2584 quoque
398 2505 505 2565 iunxit
519 2506 627 2566 Amor.
674 2506 733 2565 Per
748 2525 805 2584 ego
820 2506 897 2566 haee
911 2505 979 2566 loca
992 2505 1086 2586 plena
1100 2504 1233 2579 timoris,

189 2621 246 2682 per
260 2601 354 2662 chaos
368 2601 428 2663 hoc
442 2602 555 2682 ingens
568 2602 709 2682 vastique
725 2602 851 2664 silentia
865 2603 966 2682 regni,
1249 2607 1288 2664 30

191 2698 374 2779 Eurydices,
391 2719 457 2773 oro,
474 2703 640 2780 properata
655 2701 787 2778 retexite
801 2702 878 2761 lata.

191 2795 308 2857 Omnia
322 2797 478 2858 debentur
492 2797 588 2870 vobis,
607 2797 800 2878 paulumque
815 2796 929 2858 morati

189 2892 289 2954 serius
302 2898 359 2955 aut
373 2894 468 2956 citius
482 2894 587 2956 sedem
602 2915 805 2976 properamus
820 2896 860 2956 ad
876 2915 983 2956 unam.

190 2991 366 3052 Tendimus
379 2991 443 3053 huc
458 3012 577 3064 omnes,
594 2992 670 3056 haec
684 2997 731 3054 est
745 2993 859 3054 domus
874 2991 998 3066 ultima,
1016 3011 1129 3072 vosque

189 3087 323 3149 humani
337 3089 461 3168 generis
476 3089 660 3169 longissima
673 3110 770 3170 regna
785 3090 909 3151 tenetis.
1250 3095 1288 3152 35

190 3184 279 3246 Haec
294 3206 427 3266 quoque,
445 3207 518 3248 cum
534 3187 633 3248 iustos
647 3195 773 3248 matura
787 3187 943 3268 peregerit
958 3207 1067 3259 anrros,

190 3282 269 3343 iuris
283 3283 343 3344 crit
357 3284 467 3346 vestri:
490 3305 547 3365 pro
562 3305 692 3346 munere
707 3285 865 3366 poscimus
879 3305 982 3345 usum.

192 3379 311 3452 Quodsi
326 3380 393 3442 fata
406 3387 525 3460 negant
541 3381 663 3442 veniam
679 3402 736 3462 pro
752 3382 896 3460 coniuge,
914 3386 1037 3444 certum
1052 3385 1098 3444 est

190 3476 276 3538 nolle
290 3477 390 3538 redire
404 3478 499 3538 mihi:
522 3479 585 3540 leto
600 3480 735 3558 gaudeto
750 3479 912 3542 duorum’

273 3574 363 3635 Talis
376 3574 534 3636 dicentem
551 3596 723 3657 nervosque
737 3577 777 3636 ad
794 3577 886 3638 verba
901 3581 1080 3638 moventem
1250 3580 1289 3638 40

191 3690 363 3750 exsangues
378 3673 495 3734 flebant
509 3673 646 3736 animae:
670 3694 727 3735 nec
743 3675 896 3735 Tantalus
910 3675 1030 3736 undam

191 3769 330 3848 captavit
345 3770 501 3850 refugam,
519 3772 704 3852 stupuitque
719 3771 839 3833 ixionis
854 3772 948 3845 orbis,

191 3885 251 3926 nec
265 3885 405 3947 carpsere
419 3867 507 3930 iecur
524 3869 675 3942 volucres,
693 3869 843 3949 urnisque
859 3871 1011 3930 vacarunt

193 3962 327 4038 Belides,
344 3964 440 4044 inque
456 3969 512 4028 tuo
527 3967 645 4039 sedisti,
663 3965 805 4044 Sisyphe,
824 3985 906 4026 saxo,
