<?xml version="1.0" encoding="UTF-8"?>
<!DOCTYPE html PUBLIC "-//W3C//DTD XHTML 1.0 Transitional//EN"
    "http://www.w3.org/TR/xhtml1/DTD/xhtml1-transitional.dtd">
<html xmlns="http://www.w3.org/1999/xhtml" xml:lang="en" lang="en">
 <head>
  <title>
</title>
<meta http-equiv="Content-Type" content="text/html;charset=utf-8" />
  <meta name='ocr-system' content='tesseract 3.04.00' />
  <meta name='ocr-capabilities' content='ocr_page ocr_carea ocr_par ocr_line ocrx_word'/>
</head>
<body>
  <div class='ocr_page' id='page_1' title='image "./selectionsfromo02ovidgoog_0067.png"; bbox 0 0 2964 4380; ppageno 0'>
   <div class='ocr_carea' id='block_1_1' title="bbox 194 223 1100 292">
    <p class='ocr_par' dir='ltr' id='par_1_1' title="bbox 194 223 1100 292">
     <span class='ocr_line' id='line_1_1' title="bbox 194 223 1100 292; baseline 0 -18"><span class='ocrx_word' id='word_1_1' title='bbox 194 223 234 292; x_wconf 73' lang='grc'>52</span> <span class='ocrx_word' id='word_1_2' title='bbox 396 230 425 275; x_wconf 85' lang='grc' dir='ltr'>Ρ,</span> <span class='ocrx_word' id='word_1_3' title='bbox 450 229 565 274; x_wconf 81' lang='lat' dir='ltr'>0v11&gt;11</span> <span class='ocrx_word' id='word_1_4' title='bbox 587 228 738 275; x_wconf 80' lang='lat' dir='ltr'>NASONIS</span> <span class='ocrx_word' id='word_1_5' title='bbox 760 229 922 274; x_wconf 77' lang='lat' dir='ltr'><strong>OARMINA</strong></span> <span class='ocrx_word' id='word_1_6' title='bbox 945 229 1100 274; x_wconf 78' lang='lat' dir='ltr'><strong>SELECTA.</strong></span> 
     </span>
    </p>
   </div>
   <div class='ocr_carea' id='block_1_2' title="bbox 197 379 1297 3866">
    <p class='ocr_par' dir='ltr' id='par_1_2' title="bbox 202 379 996 556">
     <span class='ocr_line' id='line_1_2' title="bbox 202 379 996 461; baseline 0.004 -22"><span class='ocrx_word' id='word_1_7' title='bbox 202 379 316 441; x_wconf 83' lang='lat' dir='ltr'>Tristis</span> <span class='ocrx_word' id='word_1_8' title='bbox 329 379 410 441; x_wconf 88' lang='lat' dir='ltr'>abis:</span> <span class='ocrx_word' id='word_1_9' title='bbox 433 379 531 441; x_wconf 87' lang='lat' dir='ltr'>oculis</span> <span class='ocrx_word' id='word_1_10' title='bbox 545 379 715 442; x_wconf 86' lang='lat' dir='ltr'>abeuntem</span> <span class='ocrx_word' id='word_1_11' title='bbox 729 399 900 461; x_wconf 87' lang='lat' dir='ltr'>prosequor</span> <span class='ocrx_word' id='word_1_12' title='bbox 914 380 996 456; x_wconf 92' lang='lat' dir='ltr'>udis,</span> 
     </span>
     <span class='ocr_line' id='line_1_3' title="bbox 241 475 949 556; baseline 0 -18"><span class='ocrx_word' id='word_1_13' title='bbox 241 480 273 538; x_wconf 89' lang='lat' dir='ltr'>et</span> <span class='ocrx_word' id='word_1_14' title='bbox 286 476 369 538; x_wconf 84' lang='lat' dir='ltr'>dixit</span> <span class='ocrx_word' id='word_1_15' title='bbox 383 475 475 538; x_wconf 90' lang='lat' dir='ltr'>tenui</span> <span class='ocrx_word' id='word_1_16' title='bbox 489 496 653 538; x_wconf 89' lang='lat' dir='ltr'>murmure</span> <span class='ocrx_word' id='word_1_17' title='bbox 667 477 792 556; x_wconf 86' lang='lat' dir='ltr'>lingua:</span> <span class='ocrx_word' id='word_1_18' title='bbox 815 477 949 540; x_wconf 75' lang='lat' dir='ltr'>‘Valet’</span> 
     </span>
    </p>

    <p class='ocr_par' dir='ltr' id='par_1_3' title="bbox 200 574 1023 754">
     <span class='ocr_line' id='line_1_4' title="bbox 200 574 1023 656; baseline -0.001 -19"><span class='ocrx_word' id='word_1_19' title='bbox 200 575 248 637; x_wconf 87' lang='lat' dir='ltr'>Ut</span> <span class='ocrx_word' id='word_1_20' title='bbox 262 575 401 656; x_wconf 85' lang='lat' dir='ltr'>positum</span> <span class='ocrx_word' id='word_1_21' title='bbox 416 575 509 654; x_wconf 85' lang='lat' dir='ltr'>tetigi</span> <span class='ocrx_word' id='word_1_22' title='bbox 524 574 664 636; x_wconf 79' lang='lat' dir='ltr'><strong>thalamo</strong></span> <span class='ocrx_word' id='word_1_23' title='bbox 678 576 760 638; x_wconf 87' lang='lat' dir='ltr'>mele</span> <span class='ocrx_word' id='word_1_24' title='bbox 774 575 880 638; x_wconf 86' lang='lat' dir='ltr'>saucia</span> <span class='ocrx_word' id='word_1_25' title='bbox 892 575 1023 650; x_wconf 86' lang='lat' dir='ltr'>lectum,</span> 
     </span>
     <span class='ocr_line' id='line_1_5' title="bbox 239 672 1007 754; baseline 0 -20"><span class='ocrx_word' id='word_1_26' title='bbox 239 677 310 734; x_wconf 85' lang='lat' dir='ltr'>acta</span> <span class='ocrx_word' id='word_1_27' title='bbox 323 677 371 735; x_wconf 90' lang='lat' dir='ltr'>est</span> <span class='ocrx_word' id='word_1_28' title='bbox 383 693 441 754; x_wconf 90' lang='lat' dir='ltr'>per</span> <span class='ocrx_word' id='word_1_29' title='bbox 454 672 599 735; x_wconf 81' lang='lat' dir='ltr'>lacrimas</span> <span class='ocrx_word' id='word_1_30' title='bbox 613 693 676 733; x_wconf 83' lang='lat' dir='ltr'>nex</span> <span class='ocrx_word' id='word_1_31' title='bbox 691 673 781 747; x_wconf 89' lang='lat' dir='ltr'>mihi,</span> <span class='ocrx_word' id='word_1_32' title='bbox 799 677 919 754; x_wconf 85' lang='lat' dir='ltr'>quanta</span> <span class='ocrx_word' id='word_1_33' title='bbox 932 673 1007 734; x_wconf 82' lang='lat' dir='ltr'>fuit.</span> 
     </span>
    </p>

    <p class='ocr_par' dir='ltr' id='par_1_4' title="bbox 200 769 1042 948">
     <span class='ocr_line' id='line_1_6' title="bbox 200 769 1042 851; baseline 0.002 -21"><span class='ocrx_word' id='word_1_34' title='bbox 200 769 286 832; x_wconf 86' lang='lat' dir='ltr'>Ante</span> <span class='ocrx_word' id='word_1_35' title='bbox 301 771 407 832; x_wconf 86' lang='lat' dir='ltr'>oculos</span> <span class='ocrx_word' id='word_1_36' title='bbox 422 769 568 851; x_wconf 88' lang='lat' dir='ltr'>taurique</span> <span class='ocrx_word' id='word_1_37' title='bbox 581 790 667 832; x_wconf 89' lang='lat' dir='ltr'>meos</span> <span class='ocrx_word' id='word_1_38' title='bbox 681 773 862 851; x_wconf 76' lang='lat' dir='ltr'>segetesque</span> <span class='ocrx_word' id='word_1_39' title='bbox 875 770 1042 846; x_wconf 80' lang='lat' dir='ltr'>nefandae,</span> 
     </span>
     <span class='ocr_line' id='line_1_7' title="bbox 240 867 900 948; baseline 0.002 -20"><span class='ocrx_word' id='word_1_40' title='bbox 240 871 313 929; x_wconf 86' lang='lat' dir='ltr'>ante</span> <span class='ocrx_word' id='word_1_41' title='bbox 328 887 413 929; x_wconf 89' lang='lat' dir='ltr'>meos</span> <span class='ocrx_word' id='word_1_42' title='bbox 427 868 533 930; x_wconf 88' lang='lat' dir='ltr'>ocules</span> <span class='ocrx_word' id='word_1_43' title='bbox 547 867 681 948; x_wconf 83' lang='lat' dir='ltr'>pervigil</span> <span class='ocrx_word' id='word_1_44' title='bbox 696 867 809 948; x_wconf 87' lang='lat' dir='ltr'>anguis</span> <span class='ocrx_word' id='word_1_45' title='bbox 823 870 900 929; x_wconf 87' lang='lat' dir='ltr'>erat.</span> 
     </span>
    </p>

    <p class='ocr_par' dir='ltr' id='par_1_5' title="bbox 200 964 1208 1143">
     <span class='ocr_line' id='line_1_8' title="bbox 200 964 1208 1047; baseline 0.003 -22"><span class='ocrx_word' id='word_1_46' title='bbox 200 964 286 1026; x_wconf 87' lang='lat' dir='ltr'>Hine</span> <span class='ocrx_word' id='word_1_47' title='bbox 301 985 399 1040; x_wconf 88' lang='lat' dir='ltr'>amor,</span> <span class='ocrx_word' id='word_1_48' title='bbox 414 965 491 1027; x_wconf 90' lang='lat' dir='ltr'>hinc</span> <span class='ocrx_word' id='word_1_49' title='bbox 507 965 601 1026; x_wconf 90' lang='lat' dir='ltr'>timor</span> <span class='ocrx_word' id='word_1_50' title='bbox 615 970 671 1027; x_wconf 86' lang='lat' dir='ltr'>est.</span> <span class='ocrx_word' id='word_1_51' title='bbox 716 965 826 1047; x_wconf 89' lang='lat' dir='ltr'>Ipsum</span> <span class='ocrx_word' id='word_1_52' title='bbox 841 965 937 1026; x_wconf 85' lang='lat' dir='ltr'>timor</span> <span class='ocrx_word' id='word_1_53' title='bbox 950 968 1045 1045; x_wconf 86' lang='lat' dir='ltr'>auget</span> <span class='ocrx_word' id='word_1_54' title='bbox 1059 985 1208 1029; x_wconf 85' lang='lat' dir='ltr'>amorem.</span> 
     </span>
     <span class='ocr_line' id='line_1_9' title="bbox 241 1062 966 1143; baseline 0.001 -21"><span class='ocrx_word' id='word_1_55' title='bbox 241 1062 334 1124; x_wconf 89' lang='lat' dir='ltr'>Mane</span> <span class='ocrx_word' id='word_1_56' title='bbox 349 1067 426 1137; x_wconf 85' lang='lat' dir='ltr'>erat,</span> <span class='ocrx_word' id='word_1_57' title='bbox 443 1065 475 1124; x_wconf 89' lang='lat' dir='ltr'>et</span> <span class='ocrx_word' id='word_1_58' title='bbox 489 1062 629 1124; x_wconf 88' lang='lat' dir='ltr'>thalamo</span> <span class='ocrx_word' id='word_1_59' title='bbox 643 1082 715 1125; x_wconf 88' lang='lat' dir='ltr'>cara</span> <span class='ocrx_word' id='word_1_60' title='bbox 729 1066 855 1143; x_wconf 83' lang='lat' dir='ltr'>recepte</span> <span class='ocrx_word' id='word_1_61' title='bbox 870 1083 966 1125; x_wconf 89' lang='lat' dir='ltr'>seror.</span> 
     </span>
    </p>

    <p class='ocr_par' dir='ltr' id='par_1_6' title="bbox 199 1158 1043 1338">
     <span class='ocr_line' id='line_1_10' title="bbox 199 1158 1043 1242; baseline 0.001 -22"><span class='ocrx_word' id='word_1_62' title='bbox 199 1158 434 1240; x_wconf 76' lang='lat' dir='ltr'>Disiectamque</span> <span class='ocrx_word' id='word_1_63' title='bbox 448 1180 553 1222; x_wconf 87' lang='lat' dir='ltr'>comas</span> <span class='ocrx_word' id='word_1_64' title='bbox 566 1160 757 1242; x_wconf 85' lang='lat' dir='ltr'>adversaque</span> <span class='ocrx_word' id='word_1_65' title='bbox 771 1160 805 1222; x_wconf 92' lang='lat' dir='ltr'>in</span> <span class='ocrx_word' id='word_1_66' title='bbox 821 1181 875 1222; x_wconf 88' lang='lat' dir='ltr'>ora</span> <span class='ocrx_word' id='word_1_67' title='bbox 888 1161 1043 1223; x_wconf 86' lang='lat' dir='ltr'>iacentem</span> 
     </span>
     <span class='ocr_line' id='line_1_11' title="bbox 239 1257 903 1338; baseline 0.002 -20"><span class='ocrx_word' id='word_1_68' title='bbox 239 1257 373 1332; x_wconf 83' lang='lat' dir='ltr'>invenit,</span> <span class='ocrx_word' id='word_1_69' title='bbox 390 1262 422 1320; x_wconf 92' lang='lat' dir='ltr'>et</span> <span class='ocrx_word' id='word_1_70' title='bbox 435 1257 573 1319; x_wconf 82' lang='lat' dir='ltr'>lacrimis</span> <span class='ocrx_word' id='word_1_71' title='bbox 588 1257 695 1319; x_wconf 86' lang='lat' dir='ltr'>emnia</span> <span class='ocrx_word' id='word_1_72' title='bbox 709 1259 803 1338; x_wconf 90' lang='lat' dir='ltr'>plena</span> <span class='ocrx_word' id='word_1_73' title='bbox 816 1259 903 1320; x_wconf 88' lang='lat' dir='ltr'>meis.</span> 
     </span>
    </p>

    <p class='ocr_par' dir='ltr' id='par_1_7' title="bbox 200 1353 1066 1534">
     <span class='ocr_line' id='line_1_12' title="bbox 200 1353 1066 1435; baseline 0 -19"><span class='ocrx_word' id='word_1_74' title='bbox 200 1353 278 1416; x_wconf 90' lang='lat' dir='ltr'>Orat</span> <span class='ocrx_word' id='word_1_75' title='bbox 292 1375 383 1435; x_wconf 88' lang='lat' dir='ltr'>opem</span> <span class='ocrx_word' id='word_1_76' title='bbox 399 1354 528 1435; x_wconf 86' lang='lat' dir='ltr'>Minyis.</span> <span class='ocrx_word' id='word_1_77' title='bbox 572 1355 659 1416; x_wconf 86' lang='lat' dir='ltr'>Petit</span> <span class='ocrx_word' id='word_1_78' title='bbox 672 1356 771 1418; x_wconf 85' lang='lat' dir='ltr'>altera</span> <span class='ocrx_word' id='word_1_79' title='bbox 784 1358 818 1418; x_wconf 87' lang='lat' dir='ltr'>et</span> <span class='ocrx_word' id='word_1_80' title='bbox 832 1356 911 1417; x_wconf 84' lang='lat' dir='ltr'>alter</span> <span class='ocrx_word' id='word_1_81' title='bbox 924 1355 1066 1418; x_wconf 87' lang='lat' dir='ltr'>habebit:</span> 
     </span>
     <span class='ocr_line' id='line_1_13' title="bbox 238 1451 934 1534; baseline 0.001 -22"><span class='ocrx_word' id='word_1_82' title='bbox 238 1451 376 1514; x_wconf 87' lang='lat' dir='ltr'>Aesonio</span> <span class='ocrx_word' id='word_1_83' title='bbox 389 1453 507 1528; x_wconf 86' lang='lat' dir='ltr'>iuveni,</span> <span class='ocrx_word' id='word_1_84' title='bbox 525 1453 609 1534; x_wconf 91' lang='lat' dir='ltr'>quod</span> <span class='ocrx_word' id='word_1_85' title='bbox 624 1456 714 1533; x_wconf 86' lang='lat' dir='ltr'>rogat</span> <span class='ocrx_word' id='word_1_86' title='bbox 729 1454 794 1528; x_wconf 86' lang='lat' dir='ltr'>illa,</span> <span class='ocrx_word' id='word_1_87' title='bbox 812 1454 934 1515; x_wconf 89' lang='lat' dir='ltr'>damus.</span> 
     </span>
    </p>

    <p class='ocr_par' dir='ltr' id='par_1_8' title="bbox 199 1550 993 1708">
     <span class='ocr_line' id='line_1_14' title="bbox 199 1550 993 1631; baseline 0 -21"><span class='ocrx_word' id='word_1_88' title='bbox 199 1550 258 1610; x_wconf 83' lang='lat' dir='ltr'>Est</span> <span class='ocrx_word' id='word_1_89' title='bbox 272 1570 383 1612; x_wconf 90' lang='lat' dir='ltr'>nemus</span> <span class='ocrx_word' id='word_1_90' title='bbox 397 1554 430 1611; x_wconf 85' lang='lat' dir='ltr'>et</span> <span class='ocrx_word' id='word_1_91' title='bbox 444 1551 541 1631; x_wconf 85' lang='lat' dir='ltr'>piceis</span> <span class='ocrx_word' id='word_1_92' title='bbox 554 1553 587 1612; x_wconf 85' lang='lat' dir='ltr'>et</span> <span class='ocrx_word' id='word_1_93' title='bbox 600 1551 768 1612; x_wconf 81' lang='lat' dir='ltr'>frondibus</span> <span class='ocrx_word' id='word_1_94' title='bbox 783 1550 863 1611; x_wconf 91' lang='lat' dir='ltr'>ilicis</span> <span class='ocrx_word' id='word_1_95' title='bbox 877 1554 993 1625; x_wconf 86' lang='lat' dir='ltr'>atrum,</span> 
     </span>
     <span class='ocr_line' id='line_1_15' title="bbox 239 1646 778 1708; baseline 0 0"><span class='ocrx_word' id='word_1_96' title='bbox 239 1646 291 1708; x_wconf 84' lang='lat' dir='ltr'>vix</span> <span class='ocrx_word' id='word_1_97' title='bbox 306 1647 383 1708; x_wconf 90' lang='lat' dir='ltr'>illuc</span> <span class='ocrx_word' id='word_1_98' title='bbox 397 1646 493 1708; x_wconf 88' lang='lat' dir='ltr'>radiis</span> <span class='ocrx_word' id='word_1_99' title='bbox 507 1647 580 1708; x_wconf 88' lang='lat' dir='ltr'>solis</span> <span class='ocrx_word' id='word_1_100' title='bbox 594 1647 680 1708; x_wconf 87' lang='lat' dir='ltr'>adire</span> <span class='ocrx_word' id='word_1_101' title='bbox 696 1647 778 1708; x_wconf 88' lang='lat' dir='ltr'>licet.</span> 
     </span>
    </p>

    <p class='ocr_par' dir='ltr' id='par_1_9' title="bbox 199 1741 1024 1902">
     <span class='ocr_line' id='line_1_16' title="bbox 199 1741 1024 1806; baseline 0.001 -3"><span class='ocrx_word' id='word_1_102' title='bbox 199 1741 283 1804; x_wconf 84' lang='lat' dir='ltr'>Sunt</span> <span class='ocrx_word' id='word_1_103' title='bbox 296 1743 330 1805; x_wconf 92' lang='lat' dir='ltr'>iu</span> <span class='ocrx_word' id='word_1_104' title='bbox 345 1765 435 1806; x_wconf 89' lang='lat' dir='ltr'>ee-</span> <span class='ocrx_word' id='word_1_105' title='bbox 449 1745 578 1806; x_wconf 79' lang='lat' dir='ltr'>fuerant</span> <span class='ocrx_word' id='word_1_106' title='bbox 592 1748 676 1806; x_wconf 85' lang='lat' dir='ltr'>certe</span> <span class='ocrx_word' id='word_1_107' title='bbox 689 1781 731 1791; x_wconf 94' lang='lat'>—</span> <span class='ocrx_word' id='word_1_108' title='bbox 744 1745 875 1806; x_wconf 89' lang='lat' dir='ltr'>dclubra</span> <span class='ocrx_word' id='word_1_109' title='bbox 890 1744 1024 1806; x_wconf 86' lang='lat' dir='ltr'>Dianae:</span> 
     </span>
     <span class='ocr_line' id='line_1_17' title="bbox 239 1841 875 1902; baseline 0.002 -2"><span class='ocrx_word' id='word_1_110' title='bbox 239 1859 332 1902; x_wconf 89' lang='lat' dir='ltr'>aurea</span> <span class='ocrx_word' id='word_1_111' title='bbox 345 1841 507 1902; x_wconf 85' lang='lat' dir='ltr'>barbarica</span> <span class='ocrx_word' id='word_1_112' title='bbox 520 1844 583 1902; x_wconf 87' lang='lat' dir='ltr'>stat</span> <span class='ocrx_word' id='word_1_113' title='bbox 597 1841 655 1902; x_wconf 87' lang='lat' dir='ltr'>dea</span> <span class='ocrx_word' id='word_1_114' title='bbox 669 1841 755 1902; x_wconf 85' lang='lat' dir='ltr'>facta</span> <span class='ocrx_word' id='word_1_115' title='bbox 769 1861 875 1902; x_wconf 85' lang='lat' dir='ltr'>manu.</span> 
     </span>
    </p>

    <p class='ocr_par' dir='ltr' id='par_1_10' title="bbox 198 1936 1115 2117">
     <span class='ocr_line' id='line_1_18' title="bbox 198 1936 1115 2000; baseline 0.002 -3"><span class='ocrx_word' id='word_1_116' title='bbox 198 1936 311 2000; x_wconf 87' lang='lat' dir='ltr'>Nescis</span> <span class='ocrx_word' id='word_1_117' title='bbox 324 1959 366 2000; x_wconf 88' lang='lat' dir='ltr'>an</span> <span class='ocrx_word' id='word_1_118' title='bbox 380 1939 566 2000; x_wconf 83' lang='lat' dir='ltr'>exciderunt</span> <span class='ocrx_word' id='word_1_119' title='bbox 580 1959 705 2000; x_wconf 92' lang='lat' dir='ltr'>mecum</span> <span class='ocrx_word' id='word_1_120' title='bbox 720 1939 812 2000; x_wconf 83' lang='lat' dir='ltr'>loce?</span> <span class='ocrx_word' id='word_1_121' title='bbox 854 1938 1010 2000; x_wconf 89' lang='lat' dir='ltr'>Venimus</span> <span class='ocrx_word' id='word_1_122' title='bbox 1024 1939 1115 2000; x_wconf 89' lang='lat' dir='ltr'>illue:</span> 
     </span>
     <span class='ocr_line' id='line_1_19' title="bbox 238 2035 827 2117; baseline 0 -21"><span class='ocrx_word' id='word_1_123' title='bbox 238 2054 326 2096; x_wconf 91' lang='lat' dir='ltr'>orsus</span> <span class='ocrx_word' id='word_1_124' title='bbox 340 2056 372 2096; x_wconf 88' lang='lat' dir='ltr'>es</span> <span class='ocrx_word' id='word_1_125' title='bbox 386 2035 485 2097; x_wconf 90' lang='lat' dir='ltr'>infido</span> <span class='ocrx_word' id='word_1_126' title='bbox 499 2035 543 2097; x_wconf 90' lang='lat' dir='ltr'>sic</span> <span class='ocrx_word' id='word_1_127' title='bbox 557 2035 645 2117; x_wconf 90' lang='lat' dir='ltr'>prior</span> <span class='ocrx_word' id='word_1_128' title='bbox 659 2056 711 2097; x_wconf 86' lang='lat' dir='ltr'>ore</span> <span class='ocrx_word' id='word_1_129' title='bbox 725 2035 827 2116; x_wconf 85' lang='lat' dir='ltr'>loqui:</span> 
     </span>
    </p>

    <p class='ocr_par' dir='ltr' id='par_1_11' title="bbox 200 2131 1048 2311">
     <span class='ocr_line' id='line_1_20' title="bbox 200 2131 987 2195; baseline 0.004 -3"><span class='ocrx_word' id='word_1_130' title='bbox 200 2131 276 2194; x_wconf 89' lang='lat' dir='ltr'>‘Ius</span> <span class='ocrx_word' id='word_1_131' title='bbox 290 2132 348 2194; x_wconf 85' lang='lat' dir='ltr'>tibi</span> <span class='ocrx_word' id='word_1_132' title='bbox 363 2136 396 2194; x_wconf 87' lang='lat' dir='ltr'>et</span> <span class='ocrx_word' id='word_1_133' title='bbox 409 2131 578 2194; x_wconf 80' lang='lat' dir='ltr'>arbitrium</span> <span class='ocrx_word' id='word_1_134' title='bbox 592 2136 717 2194; x_wconf 87' lang='lat' dir='ltr'>nostrae</span> <span class='ocrx_word' id='word_1_135' title='bbox 731 2133 862 2194; x_wconf 84' lang='lat' dir='ltr'>fortune</span> <span class='ocrx_word' id='word_1_136' title='bbox 876 2133 987 2195; x_wconf 82' lang='lat' dir='ltr'>salutis</span> 
     </span>
     <span class='ocr_line' id='line_1_21' title="bbox 238 2229 1048 2311; baseline 0.001 -22"><span class='ocrx_word' id='word_1_137' title='bbox 238 2229 383 2304; x_wconf 85' lang='lat' dir='ltr'>tradidit,</span> <span class='ocrx_word' id='word_1_138' title='bbox 400 2229 496 2311; x_wconf 91' lang='lat' dir='ltr'>inque</span> <span class='ocrx_word' id='word_1_139' title='bbox 510 2233 627 2292; x_wconf 88' lang='lat' dir='ltr'>tuaest</span> <span class='ocrx_word' id='word_1_140' title='bbox 642 2230 768 2310; x_wconf 85' lang='lat' dir='ltr'>viteque</span> <span class='ocrx_word' id='word_1_141' title='bbox 782 2250 927 2311; x_wconf 87' lang='lat' dir='ltr'>morsque</span> <span class='ocrx_word' id='word_1_142' title='bbox 942 2250 1048 2291; x_wconf 84' lang='lat' dir='ltr'>manu.</span> 
     </span>
    </p>

    <p class='ocr_par' dir='ltr' id='par_1_12' title="bbox 199 2327 1056 2505">
     <span class='ocr_line' id='line_1_22' title="bbox 199 2327 1056 2408; baseline -0.001 -20"><span class='ocrx_word' id='word_1_143' title='bbox 199 2327 332 2388; x_wconf 86' lang='lat' dir='ltr'>Perdere</span> <span class='ocrx_word' id='word_1_144' title='bbox 346 2347 434 2408; x_wconf 90' lang='lat' dir='ltr'>posse</span> <span class='ocrx_word' id='word_1_145' title='bbox 449 2331 497 2390; x_wconf 86' lang='lat' dir='ltr'>sat</span> <span class='ocrx_word' id='word_1_146' title='bbox 510 2332 567 2401; x_wconf 85' lang='lat' dir='ltr'>est,</span> <span class='ocrx_word' id='word_1_147' title='bbox 585 2327 706 2408; x_wconf 91' lang='lat' dir='ltr'>siquem</span> <span class='ocrx_word' id='word_1_148' title='bbox 722 2327 810 2387; x_wconf 85' lang='lat' dir='ltr'>iuvat</span> <span class='ocrx_word' id='word_1_149' title='bbox 824 2327 892 2407; x_wconf 88' lang='lat' dir='ltr'>ipsa</span> <span class='ocrx_word' id='word_1_150' title='bbox 904 2331 1056 2408; x_wconf 81' lang='lat' dir='ltr'>potestas:</span> 
     </span>
     <span class='ocr_line' id='line_1_23' title="bbox 238 2423 825 2505; baseline 0.002 -20"><span class='ocrx_word' id='word_1_151' title='bbox 238 2425 292 2486; x_wconf 86' lang='lat' dir='ltr'>scd</span> <span class='ocrx_word' id='word_1_152' title='bbox 307 2423 366 2486; x_wconf 85' lang='lat' dir='ltr'>tibi</span> <span class='ocrx_word' id='word_1_153' title='bbox 381 2428 521 2487; x_wconf 85' lang='lat' dir='ltr'>servatus</span> <span class='ocrx_word' id='word_1_154' title='bbox 535 2425 635 2505; x_wconf 87' lang='lat' dir='ltr'>gloria</span> <span class='ocrx_word' id='word_1_155' title='bbox 649 2425 749 2486; x_wconf 89' lang='lat' dir='ltr'>maior</span> <span class='ocrx_word' id='word_1_156' title='bbox 764 2444 825 2486; x_wconf 89' lang='lat' dir='ltr'>ero.</span> 
     </span>
    </p>

    <p class='ocr_par' dir='ltr' id='par_1_13' title="bbox 199 2522 1113 2699">
     <span class='ocr_line' id='line_1_24' title="bbox 199 2522 1113 2602; baseline 0 -20"><span class='ocrx_word' id='word_1_157' title='bbox 199 2522 259 2583; x_wconf 85' lang='lat' dir='ltr'>Per</span> <span class='ocrx_word' id='word_1_158' title='bbox 274 2522 356 2583; x_wconf 86' lang='lat' dir='ltr'>mula</span> <span class='ocrx_word' id='word_1_159' title='bbox 369 2526 476 2583; x_wconf 85' lang='lat' dir='ltr'>nostra</span> <span class='ocrx_word' id='word_1_160' title='bbox 490 2542 610 2602; x_wconf 88' lang='lat' dir='ltr'>precer,</span> <span class='ocrx_word' id='word_1_161' title='bbox 628 2542 763 2602; x_wconf 84' lang='lat' dir='ltr'>quorum</span> <span class='ocrx_word' id='word_1_162' title='bbox 778 2524 867 2601; x_wconf 86' lang='lat' dir='ltr'>petes</span> <span class='ocrx_word' id='word_1_163' title='bbox 880 2541 945 2583; x_wconf 92' lang='lat' dir='ltr'>esse</span> <span class='ocrx_word' id='word_1_164' title='bbox 958 2522 1113 2596; x_wconf 87' lang='lat' dir='ltr'>levamen,</span> 
     </span>
     <span class='ocr_line' id='line_1_25' title="bbox 238 2618 946 2699; baseline -0.004 -18"><span class='ocrx_word' id='word_1_165' title='bbox 238 2639 294 2699; x_wconf 89' lang='lat' dir='ltr'>per</span> <span class='ocrx_word' id='word_1_166' title='bbox 308 2639 408 2698; x_wconf 81' lang='lat' dir='ltr'>genus</span> <span class='ocrx_word' id='word_1_167' title='bbox 422 2624 454 2680; x_wconf 87' lang='lat' dir='ltr'>et</span> <span class='ocrx_word' id='word_1_168' title='bbox 468 2640 588 2680; x_wconf 90' lang='lat' dir='ltr'>numen</span> <span class='ocrx_word' id='word_1_169' title='bbox 603 2622 718 2680; x_wconf 81' lang='lat' dir='ltr'>cuncta</span> <span class='ocrx_word' id='word_1_170' title='bbox 737 2618 871 2680; x_wconf 88' lang='lat' dir='ltr'>videntis</span> <span class='ocrx_word' id='word_1_171' title='bbox 884 2618 946 2692; x_wconf 85' lang='lat' dir='ltr'>avi,</span> 
     </span>
    </p>

    <p class='ocr_par' dir='ltr' id='par_1_14' title="bbox 197 2715 1018 2894">
     <span class='ocr_line' id='line_1_26' title="bbox 197 2715 1018 2797; baseline 0.001 -21"><span class='ocrx_word' id='word_1_172' title='bbox 197 2737 253 2797; x_wconf 86' lang='lat' dir='ltr'>per</span> <span class='ocrx_word' id='word_1_173' title='bbox 268 2716 402 2797; x_wconf 84' lang='lat' dir='ltr'>triplicis</span> <span class='ocrx_word' id='word_1_174' title='bbox 416 2717 524 2778; x_wconf 86' lang='lat' dir='ltr'>vultus</span> <span class='ocrx_word' id='word_1_175' title='bbox 538 2736 711 2797; x_wconf 85' lang='lat' dir='ltr'>arcanaque</span> <span class='ocrx_word' id='word_1_176' title='bbox 726 2736 812 2778; x_wconf 89' lang='lat' dir='ltr'>saera</span> <span class='ocrx_word' id='word_1_177' title='bbox 827 2715 947 2777; x_wconf 87' lang='lat' dir='ltr'>Dianae</span> <span class='ocrx_word' id='word_1_178' title='bbox 1012 2784 1018 2792; x_wconf 50' lang='lat'>‚</span> 
     </span>
     <span class='ocr_line' id='line_1_27' title="bbox 238 2813 919 2894; baseline -0.003 -19"><span class='ocrx_word' id='word_1_179' title='bbox 238 2817 270 2875; x_wconf 90' lang='lat' dir='ltr'>et</span> <span class='ocrx_word' id='word_1_180' title='bbox 284 2814 309 2875; x_wconf 90' lang='lat' dir='ltr'>si</span> <span class='ocrx_word' id='word_1_181' title='bbox 324 2815 407 2876; x_wconf 80' lang='lat' dir='ltr'>ferte</span> <span class='ocrx_word' id='word_1_182' title='bbox 421 2814 542 2894; x_wconf 90' lang='lat' dir='ltr'>aliquos</span> <span class='ocrx_word' id='word_1_183' title='bbox 557 2835 634 2894; x_wconf 87' lang='lat' dir='ltr'>gens</span> <span class='ocrx_word' id='word_1_184' title='bbox 649 2814 744 2875; x_wconf 85' lang='lat' dir='ltr'>habet</span> <span class='ocrx_word' id='word_1_185' title='bbox 758 2813 818 2874; x_wconf 89' lang='lat' dir='ltr'>ista</span> <span class='ocrx_word' id='word_1_186' title='bbox 833 2814 919 2874; x_wconf 89' lang='lat' dir='ltr'>deos:</span> 
     </span>
    </p>

    <p class='ocr_par' dir='ltr' id='par_1_15' title="bbox 197 2910 997 3088">
     <span class='ocr_line' id='line_1_28' title="bbox 197 2910 997 2990; baseline 0 -17"><span class='ocrx_word' id='word_1_187' title='bbox 197 2910 329 2990; x_wconf 70' lang='lat' dir='ltr'>surgo,</span> <span class='ocrx_word' id='word_1_188' title='bbox 347 2911 579 2986; x_wconf 86' lang='lat' dir='ltr'>misereremei,</span> <span class='ocrx_word' id='word_1_189' title='bbox 597 2911 743 2972; x_wconf 87' lang='lat' dir='ltr'>miserere</span> <span class='ocrx_word' id='word_1_190' title='bbox 757 2930 914 2971; x_wconf 90' lang='lat' dir='ltr'>meorum:</span> <span class='ocrx_word' id='word_1_191' title='bbox 994 2968 997 2973; x_wconf 91' lang='lat'>.</span> 
     </span>
     <span class='ocr_line' id='line_1_29' title="bbox 238 3008 943 3088; baseline 0.001 -19"><span class='ocrx_word' id='word_1_192' title='bbox 238 3011 324 3070; x_wconf 89' lang='lat' dir='ltr'>effice</span> <span class='ocrx_word' id='word_1_193' title='bbox 338 3029 388 3070; x_wconf 91' lang='lat' dir='ltr'>me</span> <span class='ocrx_word' id='word_1_194' title='bbox 403 3009 524 3070; x_wconf 87' lang='lat' dir='ltr'>meritis</span> <span class='ocrx_word' id='word_1_195' title='bbox 539 3013 664 3088; x_wconf 87' lang='lat' dir='ltr'>tempus</span> <span class='ocrx_word' id='word_1_196' title='bbox 678 3008 713 3069; x_wconf 94' lang='lat' dir='ltr'>in</span> <span class='ocrx_word' id='word_1_197' title='bbox 727 3028 820 3070; x_wconf 89' lang='lat' dir='ltr'>omne</span> <span class='ocrx_word' id='word_1_198' title='bbox 835 3011 943 3070; x_wconf 79' lang='lat' dir='ltr'>tuum!</span> 
     </span>
    </p>

    <p class='ocr_par' dir='ltr' id='par_1_16' title="bbox 199 3104 1048 3282">
     <span class='ocr_line' id='line_1_30' title="bbox 199 3104 1048 3184; baseline -0.002 -18"><span class='ocrx_word' id='word_1_199' title='bbox 199 3105 316 3180; x_wconf 82' lang='lat' dir='ltr'>Quodsi</span> <span class='ocrx_word' id='word_1_200' title='bbox 331 3106 414 3167; x_wconf 81' lang='lat' dir='ltr'>forte</span> <span class='ocrx_word' id='word_1_201' title='bbox 428 3105 532 3165; x_wconf 87' lang='lat' dir='ltr'>virum</span> <span class='ocrx_word' id='word_1_202' title='bbox 548 3124 612 3166; x_wconf 91' lang='lat' dir='ltr'>non</span> <span class='ocrx_word' id='word_1_203' title='bbox 627 3105 798 3184; x_wconf 86' lang='lat' dir='ltr'>dedignare</span> <span class='ocrx_word' id='word_1_204' title='bbox 813 3104 991 3183; x_wconf 83' lang='lat' dir='ltr'>Pelasgum,</span> <span class='ocrx_word' id='word_1_205' title='bbox 1007 3140 1048 3150; x_wconf 94' lang='lat'>-</span> 
     </span>
     <span class='ocr_line' id='line_1_31' title="bbox 238 3187 1017 3282; baseline -0.003 -18"><span class='ocrx_word' id='word_1_206' title='bbox 238 3203 292 3264; x_wconf 89' lang='lat' dir='ltr'>sed</span> <span class='ocrx_word' id='word_1_207' title='bbox 306 3202 386 3263; x_wconf 90' lang='lat' dir='ltr'>mihi</span> <span class='ocrx_word' id='word_1_208' title='bbox 401 3207 467 3263; x_wconf 86' lang='lat' dir='ltr'>tem</span> <span class='ocrx_word' id='word_1_209' title='bbox 481 3202 590 3263; x_wconf 82' lang='lat' dir='ltr'>faciles</span> <span class='ocrx_word' id='word_1_210' title='bbox 603 3202 690 3263; x_wconf 89' lang='lat' dir='ltr'>uude</span> <span class='ocrx_word' id='word_1_211' title='bbox 705 3221 851 3282; x_wconf 88' lang='lat' dir='ltr'>meosque</span> <span class='ocrx_word' id='word_1_212' title='bbox 864 3201 962 3262; x_wconf 81' lang='lat' dir='ltr'>deos?</span> <span class='ocrx_word' id='word_1_213' title='bbox 975 3187 1017 3248; x_wconf 62' lang='grc' dir='ltr'>-Ᾰ</span> 
     </span>
    </p>

    <p class='ocr_par' dir='ltr' id='par_1_17' title="bbox 198 3297 992 3477">
     <span class='ocr_line' id='line_1_32' title="bbox 198 3297 968 3381; baseline -0.004 -20"><span class='ocrx_word' id='word_1_214' title='bbox 198 3299 328 3381; x_wconf 88' lang='lat' dir='ltr'>spiritus</span> <span class='ocrx_word' id='word_1_215' title='bbox 342 3303 416 3361; x_wconf 86' lang='lat' dir='ltr'>ante</span> <span class='ocrx_word' id='word_1_216' title='bbox 431 3319 519 3360; x_wconf 91' lang='lat' dir='ltr'>meus</span> <span class='ocrx_word' id='word_1_217' title='bbox 533 3309 645 3360; x_wconf 82' lang='lat' dir='ltr'>tenues</span> <span class='ocrx_word' id='word_1_218' title='bbox 658 3301 804 3360; x_wconf 83' lang='lat' dir='ltr'>vanescat</span> <span class='ocrx_word' id='word_1_219' title='bbox 819 3297 853 3358; x_wconf 92' lang='lat' dir='ltr'>in</span> <span class='ocrx_word' id='word_1_220' title='bbox 868 3319 968 3373; x_wconf 87' lang='lat' dir='ltr'>auras,</span> 
     </span>
     <span class='ocr_line' id='line_1_33' title="bbox 239 3394 992 3477; baseline 0 -21"><span class='ocrx_word' id='word_1_221' title='bbox 239 3417 333 3477; x_wconf 92' lang='lat' dir='ltr'>quam</span> <span class='ocrx_word' id='word_1_222' title='bbox 348 3395 498 3470; x_wconf 85' lang='lat' dir='ltr'>thelame,</span> <span class='ocrx_word' id='word_1_223' title='bbox 515 3394 576 3456; x_wconf 90' lang='lat' dir='ltr'>nisi</span> <span class='ocrx_word' id='word_1_224' title='bbox 592 3399 638 3468; x_wconf 89' lang='lat' dir='ltr'>tu,</span> <span class='ocrx_word' id='word_1_225' title='bbox 656 3399 758 3476; x_wconf 87' lang='lat' dir='ltr'>nupta</span> <span class='ocrx_word' id='word_1_226' title='bbox 771 3394 813 3455; x_wconf 87' lang='lat' dir='ltr'>sit</span> <span class='ocrx_word' id='word_1_227' title='bbox 827 3395 893 3457; x_wconf 93' lang='lat' dir='ltr'>ulla</span> <span class='ocrx_word' id='word_1_228' title='bbox 907 3416 992 3457; x_wconf 87' lang='lat' dir='ltr'>meo:</span> 
     </span>
    </p>

    <p class='ocr_par' dir='ltr' id='par_1_18' title="bbox 198 3492 947 3665">
     <span class='ocr_line' id='line_1_34' title="bbox 198 3492 916 3572; baseline -0.003 -18"><span class='ocrx_word' id='word_1_229' title='bbox 198 3493 322 3554; x_wconf 89' lang='lat' dir='ltr'>conscia</span> <span class='ocrx_word' id='word_1_230' title='bbox 336 3493 377 3554; x_wconf 87' lang='lat' dir='ltr'>sit</span> <span class='ocrx_word' id='word_1_231' title='bbox 392 3493 485 3565; x_wconf 88' lang='lat' dir='ltr'>Iuno,</span> <span class='ocrx_word' id='word_1_232' title='bbox 503 3492 597 3554; x_wconf 89' lang='lat' dir='ltr'>sacris</span> <span class='ocrx_word' id='word_1_233' title='bbox 611 3493 770 3572; x_wconf 80' lang='lat' dir='ltr'>praefecta</span> <span class='ocrx_word' id='word_1_234' title='bbox 784 3492 916 3566; x_wconf 83' lang='lat' dir='ltr'>maritis,</span> 
     </span>
     <span class='ocr_line' id='line_1_35' title="bbox 240 3590 947 3665; baseline 0 -14"><span class='ocrx_word' id='word_1_235' title='bbox 240 3594 272 3652; x_wconf 90' lang='lat' dir='ltr'>et</span> <span class='ocrx_word' id='word_1_236' title='bbox 286 3591 355 3665; x_wconf 91' lang='lat' dir='ltr'>dea,</span> <span class='ocrx_word' id='word_1_237' title='bbox 372 3611 546 3652; x_wconf 85' lang='lat' dir='ltr'>marmorea</span> <span class='ocrx_word' id='word_1_238' title='bbox 560 3590 650 3651; x_wconf 90' lang='lat' dir='ltr'>cuius</span> <span class='ocrx_word' id='word_1_239' title='bbox 664 3590 698 3650; x_wconf 91' lang='lat' dir='ltr'>in</span> <span class='ocrx_word' id='word_1_240' title='bbox 713 3591 788 3652; x_wconf 87' lang='lat' dir='ltr'>aede</span> <span class='ocrx_word' id='word_1_241' title='bbox 803 3593 925 3651; x_wconf 72' lang='lat' dir='ltr'>snmus]</span> <span class='ocrx_word' id='word_1_242' title='bbox 939 3590 947 3619; x_wconf 89' lang='lat'>&#39;</span> 
     </span>
    </p>

    <p class='ocr_par' dir='ltr' id='par_1_19' title="bbox 199 3687 1297 3866">
     <span class='ocr_line' id='line_1_36' title="bbox 199 3687 1277 3769; baseline -0.001 -19"><span class='ocrx_word' id='word_1_243' title='bbox 199 3690 287 3750; x_wconf 85' lang='lat' dir='ltr'>Haec</span> <span class='ocrx_word' id='word_1_244' title='bbox 301 3688 445 3750; x_wconf 89' lang='lat' dir='ltr'>animum</span> <span class='ocrx_word' id='word_1_245' title='bbox 458 3692 544 3749; x_wconf 83' lang='lat' dir='ltr'>-et</span> <span class='ocrx_word' id='word_1_246' title='bbox 560 3691 656 3769; x_wconf 89' lang='lat' dir='ltr'>quota</span> <span class='ocrx_word' id='word_1_247' title='bbox 669 3708 741 3768; x_wconf 89' lang='lat' dir='ltr'>pars</span> <span class='ocrx_word' id='word_1_248' title='bbox 756 3688 832 3750; x_wconf 88' lang='lat' dir='ltr'>haee</span> <span class='ocrx_word' id='word_1_249' title='bbox 847 3690 947 3748; x_wconf 85' lang='lat' dir='ltr'>sunt?</span> <span class='ocrx_word' id='word_1_250' title='bbox 960 3725 1001 3734; x_wconf 96' lang='lat'>—</span> <span class='ocrx_word' id='word_1_251' title='bbox 1016 3707 1139 3750; x_wconf 86' lang='lat' dir='ltr'>movere</span> <span class='ocrx_word' id='word_1_252' title='bbox 1153 3687 1277 3768; x_wconf 85' lang='lat' dir='ltr'>puellae</span> 
     </span>
     <span class='ocr_line' id='line_1_37' title="bbox 239 3785 1297 3866; baseline -0.003 -18"><span class='ocrx_word' id='word_1_253' title='bbox 239 3786 400 3866; x_wconf 90' lang='lat' dir='ltr'>simplicis,</span> <span class='ocrx_word' id='word_1_254' title='bbox 417 3790 449 3848; x_wconf 89' lang='lat' dir='ltr'>et</span> <span class='ocrx_word' id='word_1_255' title='bbox 464 3786 591 3848; x_wconf 80' lang='lat' dir='ltr'>dextrae</span> <span class='ocrx_word' id='word_1_256' title='bbox 606 3786 735 3847; x_wconf 86' lang='lat' dir='ltr'>dextera</span> <span class='ocrx_word' id='word_1_257' title='bbox 749 3785 859 3847; x_wconf 85' lang='lat' dir='ltr'>iuncta</span> <span class='ocrx_word' id='word_1_258' title='bbox 872 3805 967 3846; x_wconf 84' lang='lat' dir='ltr'>meae.</span> <span class='ocrx_word' id='word_1_259' title='bbox 1259 3788 1297 3845; x_wconf 78' lang='lat'>90</span> 
     </span>
    </p>
   </div>
   <div class='ocr_carea' id='block_1_3' title="bbox 199 3882 1056 4062">
    <p class='ocr_par' dir='ltr' id='par_1_20' title="bbox 199 3882 1056 4062">
     <span class='ocr_line' id='line_1_38' title="bbox 199 3882 1056 3965; baseline -0.006 -18"><span class='ocrx_word' id='word_1_260' title='bbox 199 3884 275 3947; x_wconf 92' lang='lat' dir='ltr'>Vidi</span> <span class='ocrx_word' id='word_1_261' title='bbox 290 3883 386 3946; x_wconf 87' lang='lat' dir='ltr'>etiam</span> <span class='ocrx_word' id='word_1_262' title='bbox 400 3884 559 3959; x_wconf 80' lang='lat' dir='ltr'>lacrimes3</span> <span class='ocrx_word' id='word_1_263' title='bbox 581 3903 622 3946; x_wconf 89' lang='lat' dir='ltr'>an</span> <span class='ocrx_word' id='word_1_264' title='bbox 637 3904 708 3965; x_wconf 88' lang='lat' dir='ltr'>pars</span> <span class='ocrx_word' id='word_1_265' title='bbox 723 3887 770 3944; x_wconf 90' lang='lat' dir='ltr'>est</span> <span class='ocrx_word' id='word_1_266' title='bbox 783 3882 907 3944; x_wconf 79' lang='lat' dir='ltr'>fraudis</span> <span class='ocrx_word' id='word_1_267' title='bbox 920 3882 954 3943; x_wconf 91' lang='lat' dir='ltr'>in</span> <span class='ocrx_word' id='word_1_268' title='bbox 970 3882 1056 3943; x_wconf 80' lang='lat' dir='ltr'>illis?</span> 
     </span>
     <span class='ocr_line' id='line_1_39' title="bbox 241 3980 887 4062; baseline -0.005 -18"><span class='ocrx_word' id='word_1_269' title='bbox 241 3981 293 4044; x_wconf 85' lang='lat' dir='ltr'>Sic</span> <span class='ocrx_word' id='word_1_270' title='bbox 306 3982 371 4044; x_wconf 87' lang='lat' dir='ltr'>cite</span> <span class='ocrx_word' id='word_1_271' title='bbox 384 4003 456 4044; x_wconf 90' lang='lat' dir='ltr'>sum</span> <span class='ocrx_word' id='word_1_272' title='bbox 469 3981 573 4043; x_wconf 85' lang='lat' dir='ltr'>verbis</span> <span class='ocrx_word' id='word_1_273' title='bbox 587 3985 678 4062; x_wconf 87' lang='lat' dir='ltr'>capta</span> <span class='ocrx_word' id='word_1_274' title='bbox 693 3981 800 4062; x_wconf 86' lang='lat' dir='ltr'>puella</span> <span class='ocrx_word' id='word_1_275' title='bbox 816 3980 887 4042; x_wconf 87' lang='lat' dir='ltr'>tuis.</span> 
     </span>
    </p>
   </div>
   <div class='ocr_carea' id='block_1_4' title="bbox 0 0 1486 4380">
    <p class='ocr_par' dir='ltr' id='par_1_21' title="bbox 0 0 1486 4380">
     <span class='ocr_line' id='line_1_40' title="bbox 0 0 1486 4380; baseline 0 0"><span class='ocrx_word' id='word_1_276' title='bbox 0 0 1486 4380; x_wconf 95' lang='lat' dir='ltr'> </span> 
     </span>
    </p>
   </div>
  </div>
 </body>
</html>
