2964 4380
212 224 251 270 10
410 228 439 271 P.
464 228 578 296 ovin1¹1
601 226 751 294 NASONIS
773 227 935 272 canulas
958 226 1115 274 sunnon.

208 376 382 438 ambrosiae
397 396 471 439 suco
485 382 618 451 saturos,
636 378 856 458 praesaepibus
869 378 943 439 altis

209 474 431 555 quadrupedes
445 476 570 536 ducunt
584 476 770 555 adduntque
785 476 931 536 sonantia
944 476 1045 539 frena.

209 573 293 633 Tum
310 577 399 653 pater
414 573 530 634 crusni
546 593 632 634 sacro
647 573 855 634 medicamine
870 574 938 634 nati

208 671 345 751 contigit
359 675 392 731 et
407 671 533 751 rapidae
547 672 625 732 fecit
639 671 794 752 patientia
805 671 949 732 flammae

208 768 423 850 imposuitque
438 789 544 830 comae
559 769 672 842 radios,
691 788 900 850 praesagaque
915 770 1021 830 luctus

208 870 334 946 pectore
349 866 484 927 sollicito
500 873 644 946 repetens
658 867 794 945 suspiria
808 867 904 927 dixit:

292 963 345 1026 ‘Si
360 970 450 1044 potes
464 964 514 1024 his
529 964 639 1025 saltem
654 965 784 1025 monitis
798 984 907 1044 parere
921 963 1073 1044 parentis,

208 1081 312 1140 parce,
329 1082 419 1142 puer,
435 1061 573 1123 stimulis
587 1065 619 1123 et
633 1062 749 1124 fortius
763 1073 851 1123 utere
867 1062 955 1123 loris:

208 1163 321 1238 sponte
335 1179 391 1221 sua
405 1163 590 1240 properant3
613 1159 701 1220 labor
715 1163 762 1220 ost
776 1160 919 1221 inhibere
933 1159 1085 1220 volentes.

292 1256 381 1318 ‘Neo
397 1256 455 1318 tibi
470 1257 605 1344 directos
619 1257 741 1337 placeat
757 1257 806 1318 via
820 1258 960 1337 quinque
974 1275 1148 1337 perurens:
1237 1283 1241 1290 ·

209 1357 312 1415 sectus
326 1354 361 1414 in
375 1354 540 1434 obliquum
555 1361 602 1416 est
617 1355 681 1415 lato
701 1355 883 1416 curvamine
898 1354 1000 1426 limos,

209 1437 422 1532 zonaru'mque
439 1452 533 1512 trium
550 1456 720 1514 contentus
734 1454 797 1514 fine
811 1453 984 1533 polumque

207 1549 323 1630 effugit
336 1550 504 1612 australem
521 1549 725 1630 iunctamque
738 1551 940 1631 aquilonibus
953 1550 1086 1611 Arcton.

209 1647 279 1708 Hac
294 1647 335 1708 sit
349 1648 425 1709 iter:
447 1648 616 1710 manifesta
630 1651 716 1710 rotae
731 1648 862 1728 vestigia
876 1667 994 1709 cernes.

209 1744 318 1825 thue
332 1745 439 1806 lerant
452 1764 567 1825 aequos
581 1749 613 1806 et
627 1746 749 1806 caelum
764 1753 796 1808 et
811 1750 894 1808 terra
909 1746 1035 1816 calores,

208 1860 267 1902 nec
281 1861 388 1921 preme
403 1860 461 1902 nec
475 1861 635 1902 summum
651 1841 761 1903 molire
777 1862 831 1923 per
844 1843 972 1903 aethera
985 1860 1126 1904 currum.

209 1938 317 1999 Altius
331 1958 471 2018 egressus
485 1938 629 2000 caelestia
641 1942 727 2000 tecta
741 1940 904 2012 cremabis,

208 2035 343 2096 inferius
357 2038 470 2096 terras:
492 2035 597 2096 medio
613 2036 791 2097 tutissimus
806 2036 874 2097 ibis.
1056 2099 1057 2104 ,

209 2133 281 2194 Neu
297 2137 328 2193 tc
343 2133 500 2195 dexterior
515 2138 636 2195 tortum
651 2133 789 2195 declinet
803 2135 842 2215 ad
858 2134 1018 2213 Anguem,

209 2250 287 2291 neve
301 2229 475 2291 sinisterior
488 2250 626 2310 pressam
641 2235 710 2292 rota
724 2232 821 2292 ducat
834 2232 874 2292 ad
890 2232 1003 2292 Aram:

208 2327 293 2389 inter
307 2331 480 2408 utrumque
495 2331 576 2388 tene.
622 2328 781 2390 Fortunae
796 2333 898 2389 cetera
912 2329 1039 2400 mando,

209 2444 288 2505 quae
303 2425 391 2486 iuvet
404 2429 437 2486 et
450 2425 575 2498 melius,
592 2445 686 2505 quam
702 2429 738 2486 tu
753 2426 823 2497 tibi,
840 2426 985 2486 consulat
999 2431 1084 2505 opto.

292 2521 399 2582 ‘Dum
414 2522 535 2602 loquor,
554 2522 707 2602 Hesperio
722 2523 839 2602 positas
854 2523 887 2582 in
903 2523 995 2584 litore
1010 2526 1109 2585 metae

209 2618 318 2678 umida
333 2639 394 2679 nox
411 2619 526 2698 tetigit.
573 2619 647 2680 Non
661 2623 708 2679 est
723 2639 810 2680 mora
824 2620 921 2680 libera
932 2619 1035 2681 nobis:

208 2715 382 2795 poscimur:
404 2716 536 2795 effulget
551 2715 689 2777 tenebris
704 2716 829 2778 Aurora
843 2717 975 2798 fugatis.

210 2812 340 2892 Corripe
355 2812 422 2872 lora
435 2833 544 2885 manu,
561 2813 621 2886 vel,
639 2812 664 2873 si
680 2813 831 2874 mutabile
845 2817 956 2894 pectus

208 2909 339 2982 esttibi,
357 2909 505 2982 consiliis,
523 2929 587 2969 non
603 2909 747 2971 curribus
762 2915 850 2971 utere
865 2909 990 2984 nostris,

208 3007 285 3066 dum
301 3011 390 3086 potes
403 3009 435 3067 et
450 3007 557 3067 solidis
571 3006 755 3068 etiamnunc
770 3008 896 3068 sedibus
910 3009 1014 3068 adstas

208 3105 349 3184 dumque
363 3104 444 3165 male
460 3108 584 3184 optatos
598 3106 741 3165 nondum
757 3105 873 3184 premis
889 3105 1005 3165 inscias
1019 3125 1103 3166 axes.

209 3201 294 3275 Quae
309 3205 400 3262 tutus
414 3206 544 3281 spectes,
562 3201 628 3262 sinc
643 3222 693 3262 me
708 3203 782 3262 dare
796 3203 919 3262 lumina
934 3202 1061 3263 terrisl'

290 3298 433 3377 Occupat
448 3297 500 3358 illc
516 3298 613 3358 levem
630 3298 767 3359 iuvenali
783 3319 912 3378 corpore
927 3319 1066 3372 currum,

208 3399 334 3474 statque
349 3415 443 3475 snper
458 3395 665 3474 manibusque
681 3396 769 3456 datas
785 3396 969 3476 contingere
984 3395 1120 3458 habenas

207 3492 326 3571 gaudet
339 3496 371 3552 et
386 3491 487 3552 invito
502 3498 605 3570 grates
620 3493 686 3572 agit
701 3492 775 3553 inde
789 3493 926 3572 parenti.

209 3589 334 3650 Interea
348 3589 489 3649 volucres
505 3590 616 3668 Pyrois
631 3593 663 3649 et
678 3589 763 3649 Eous
778 3592 809 3649 ct
825 3590 963 3662 Aethon,

209 3685 289 3747 Solis
303 3686 386 3766 equi,
404 3690 597 3766 quartusque
613 3686 766 3766 Phlegon,
784 3685 963 3747 hinnitibus
978 3707 1082 3748 auras

207 3783 404 3845 flammiferis
419 3783 554 3863 implent
568 3782 763 3864 pedibusque
779 3784 928 3862 repagula
942 3784 1081 3863 pulsant.

209 3880 295 3954 Quae
310 3884 477 3960 postquam
493 3881 622 3960 Tethys,
640 3881 778 3940 fatorum
795 3879 905 3957 ignara
919 3881 1044 3960 nepotis

208 3976 359 4057 reppulit,
377 3988 408 4039 ct
422 3978 507 4039 facta
521 3982 567 4038 est
583 3976 717 4037 inmensi
733 3976 822 4056 copia
837 3978 961 4051 mundi,
