2964 4380
554 225 674 270 Munus
695 225 736 270 ΤΟ
758 226 877 276 JASON.

172 375 258 452 Quae
272 396 323 439 me
338 396 401 439 non
416 395 555 458 possum,
571 377 663 458 potui
677 378 779 458 sopire
793 379 976 458 draconem3

211 475 321 537 utilior
334 474 435 537 cuivis
449 495 542 556 quam
558 475 639 536 mihi
654 496 730 538 cura
744 497 814 539 mea
827 484 884 540 est.

172 571 256 648 Quos
270 592 328 653 ego
342 571 472 646 servavi,
489 572 597 653 paelex
611 574 817 654 amplectitur
830 578 928 651 artus,

211 674 243 732 et
258 670 357 731 nostri
370 671 496 732 fructus
510 670 566 732 illa
579 671 694 732 laboris
708 671 812 734 habet.

171 767 317 829 Forsitan
331 771 373 842 et,
391 768 505 830 stultae
519 769 598 829 dum
613 773 644 830 te
658 767 773 830 iactare
787 769 918 832 maritae

212 865 334 947 quaeris
347 870 380 928 et
393 865 521 928 iniustis
535 867 664 928 auribus
678 871 752 948 apta
765 868 863 949 loqui,

171 963 206 1024 in
220 963 333 1025 taciem
348 983 510 1044 moresque
524 984 609 1025 meos
624 984 705 1026 nova
719 964 853 1026 crimina
867 967 982 1046 fingas:

212 1061 312 1123 rideat
326 1065 358 1122 et
371 1061 457 1123 vitiis
471 1062 553 1123 laeta
567 1061 608 1122 sit
622 1061 678 1122 illa
691 1062 784 1123 meis:

171 1159 273 1220 rideat
287 1162 319 1220 et
333 1159 429 1239 Tyrio
444 1159 543 1220 iaceat
557 1158 702 1220 sublimis
716 1159 750 1220 in
764 1163 863 1222 ostro:

211 1256 308 1329 flebit,
326 1259 358 1318 01
371 1257 497 1318 ardores
510 1256 616 1318 vincet
631 1257 743 1318 adusta
757 1261 854 1318 meos!

171 1353 259 1414 Dum
273 1353 395 1414 ferrum
409 1353 614 1434 flammaeque
629 1355 765 1415 aderunt
779 1373 933 1435 sucusque
947 1355 1071 1430 veneni,

211 1450 310 1512 hostis
325 1451 453 1512 Medeae
467 1451 575 1513 nullus
589 1450 713 1512 inultus
726 1451 795 1513 erit.

172 1547 290 1622 Quodsi
305 1549 388 1610 forte
402 1568 510 1629 preces
523 1549 706 1630 praecordia
720 1551 821 1611 terrea
835 1553 985 1630 tangunt,

211 1665 297 1706 nunc
311 1645 427 1707 animis
440 1646 514 1708 audi
529 1647 623 1708 verba
636 1646 759 1708 minora
773 1647 861 1708 meis.

171 1742 251 1803 Tam
266 1742 325 1804 tibi
340 1763 410 1804 sum
425 1744 568 1824 supplex,
585 1763 680 1824 quam
695 1748 731 1805 tu
746 1743 827 1804 mihi
842 1764 933 1826 saepe
946 1744 1053 1806 fuisti:

211 1861 270 1902 nec
283 1861 389 1903 moror
401 1847 476 1903 ante
490 1846 562 1904 tuos
575 1841 778 1923 procubuisse
791 1843 898 1923 pedes.

172 1937 206 2000 Si
220 1938 279 2000 tibi
294 1959 364 2000 sum
380 1939 461 2014 vilis,
477 1939 655 2001 communis
669 1939 788 2020 respice
802 1943 907 2002 natos:

211 2037 326 2098 saeviet
340 2037 374 2097 in
389 2040 499 2118 partus
513 2038 582 2098 dira
595 2057 729 2099 noverca
741 2057 836 2100 meos.

171 2133 216 2194 Et
229 2133 366 2194 nimium
381 2133 497 2195 similes
511 2134 570 2195 tibi
585 2138 671 2208 sunt,
688 2141 721 2196 et
734 2134 873 2214 imagine
887 2137 1012 2215 tangor,

210 2234 244 2292 et
257 2231 403 2312 quotiens
416 2232 518 2306 video,
534 2231 658 2294 lumina
671 2239 780 2294 nostra
793 2233 933 2294 madent.

171 2329 232 2391 Per
246 2349 374 2410 superos
387 2349 453 2403 oro,
469 2349 526 2410 per
538 2329 640 2391 avitae
653 2329 777 2391 lumina
791 2316 944 2403 flemmae,

210 2445 269 2507 per
281 2425 433 2495 meritum
448 2430 480 2488 et
494 2430 593 2500 natos,
610 2426 744 2507 pignora
757 2430 874 2501 nostra,
891 2427 987 2488 duos:

170 2523 267 2584 redde
281 2526 398 2597 torum,
414 2543 471 2604 pro
486 2543 548 2604 quo
561 2525 611 2584 101
625 2542 673 2584 101
686 2522 796 2584 insana
810 2522 937 2603 reliqui3

211 2621 291 2682 adde
305 2621 400 2682 fidem
415 2620 509 2682 dictis
522 2620 739 2701 auxiliumque
753 2621 844 2681 refer.

171 2717 246 2779 Non
260 2737 318 2798 ego
332 2721 363 2778 te
377 2718 512 2799 imploro
526 2721 637 2779 contra
651 2722 818 2798 taurosque
831 2716 988 2797 virosque,

211 2818 310 2896 utque
324 2818 381 2875 tua
394 2835 521 2894 serpens
534 2814 618 2876 victa
631 2815 771 2895 quiescat
785 2834 857 2894 ope:
967 2869 970 2875 .

171 2915 204 2972 te
218 2915 301 2992 peto,
319 2932 413 2994 quem
426 2912 538 2986 merui,
556 2933 648 2992 quem
664 2911 754 2973 nobis
767 2912 833 2992 ipse
847 2911 974 2984 dedisti,

211 3029 285 3069 cunr
300 3029 362 3090 quo
376 3030 446 3070 sum
460 3009 578 3090 pariter
592 3010 676 3070 facta
690 3013 820 3089 parente
835 3028 958 3090 parens.

172 3107 237 3168 Dos
252 3107 306 3168 ubi
321 3106 372 3180 sit,
390 3106 535 3187 quaeris?
579 3107 698 3187 Campo
712 3106 948 3168 numeravimus
961 3105 1027 3178 illo,

212 3204 267 3284 qui
281 3204 340 3265 tibi
354 3204 458 3265 laturo
473 3204 572 3265 vellus
586 3205 723 3265 arandus
738 3209 813 3265 erat.

171 3302 218 3362 At
231 3321 304 3363 vero
318 3301 371 3362 illc
384 3301 465 3363 aries
479 3301 554 3363 villo
569 3301 747 3382 spectabilis
761 3321 865 3374 aureo,

212 3399 268 3460 dos
282 3418 362 3460 mea.
408 3398 549 3474 ‘Quam'
566 3399 669 3460 dicam
684 3398 710 3460 si
724 3398 784 3459 tibi
801 3396 939 3471 ‘redde’
957 3416 1059 3476 neges.

172 3495 238 3557 Dos
252 3515 321 3558 mea
336 3499 372 3556 tu
387 3516 498 3576 sospes
544 3495 610 3558 Dos
623 3500 670 3558 011
684 3515 754 3557 mea
769 3495 863 3556 Greia
876 3494 1036 3556 iuventus.

212 3593 341 3668 Inuno,
359 3593 529 3674 Sisyphios,
546 3594 699 3674 improbe,
716 3593 825 3655 confer
839 3611 921 3671 opes.

172 3689 264 3765 Quod
279 3691 369 3765 vivis,
387 3692 470 3772 quod
484 3691 580 3753 habes
594 3695 729 3772 nuptam
744 3709 947 3769 socerumque
961 3686 1111 3768 potentis,

212 3788 272 3850 hoo
286 3788 402 3869 ipsum,
419 3788 563 3869 ingratus
577 3790 661 3871 quod
675 3792 764 3869 potes
778 3807 852 3860 esse,
870 3805 976 3847 meum
990 3787 1047 3846 est.

172 3884 258 3960 Quos
272 3885 419 3966 equidem
433 3890 578 3948 actutum
592 3925 633 3934 -
647 3886 700 3948 sed
715 3885 792 3965 quid
806 3883 984 3964 praedicere
998 3899 1133 3962 poenam

212 3983 352 4045 attinet?
393 3983 539 4065 Ingentis
552 3983 690 4066 parturit
704 3981 752 4043 ira
765 3981 876 4043 minas.
