2964 4380
420 219 532 266 aanor
553 219 601 268 ou
622 219 955 270 ernustus-nouare
977 221 1084 269 ornus.
1254 211 1296 290 63

204 371 349 453 Oumque
363 370 427 432 tuis
441 390 497 432 sua
510 370 686 433 iunxerunt
701 371 906 453 Nemesisque
919 372 1069 454 priorque

199 537 206 549 ,
242 470 358 543 oscula,
376 488 433 530 nee
448 469 528 530 solos
541 468 713 531 destituere
729 489 827 550 rogos.

203 567 295 631 Delia
308 567 499 629 descendens
516 565 692 629 ‘Felieius’
708 567 816 647 inquit
833 568 956 630 ‘amata

242 685 312 726 sum
328 664 402 726 tibi:
424 663 542 738 vixisti,
555 665 636 726 ¹dum
651 668 727 726 tuus
741 665 824 745 ignis
838 667 948 740 eram’

203 762 264 824 Oui
279 762 422 824 Nemesis
438 761 561 838 ‘Quid’
578 763 623 824 ait
640 762 717 824 ‘tibi
732 765 808 823 sunt
821 781 892 824 mea
906 764 1022 826 damna
1035 765 1159 827 dolori?

177 929 179 934 7
243 860 295 922 Me
309 859 414 921 tenuit
428 859 565 921 moriens
579 859 744 922 definiente
759 862 880 921 manu)

203 942 236 1019 Si
251 961 358 1019 tamen
373 977 389 1018 e
404 956 495 1018 nobis
508 956 630 1037 aliquid
645 957 707 1018 nisi
722 977 838 1018 nomen
852 961 885 1018 et
900 959 1011 1020 umbra

243 1058 349 1129 restat,
366 1054 401 1115 in
417 1053 524 1134 Elysia
537 1054 617 1115 valle
633 1054 780 1116 Tibullus
794 1055 863 1116 erit.

203 1151 323 1213 Obvius
336 1151 413 1213 huie
426 1151 543 1225 venias,
559 1150 676 1214 hedera
690 1150 848 1214 iuvenalia
862 1151 985 1214 cinetus

242 1252 395 1330 tempora,
412 1269 486 1310 eum
501 1249 608 1323 Oalvo,
625 1250 717 1311 doete
733 1249 868 1323 Catulle,
885 1252 952 1312 tuo.

202 1345 253 1407 Tu
268 1365 404 1427 quoque,
421 1345 446 1409 si
461 1346 577 1409 falsum
592 1349 641 1408 est
654 1347 799 1408 temerati
814 1346 933 1408 crimen
947 1347 1051 1420 amici,

243 1443 406 1524 sanguinis
420 1447 515 1525 atque
529 1444 652 1506 animae
666 1445 797 1525 prodige
813 1444 901 1506 Galle
916 1447 999 1506 tuae.
1053 1524 1059 1534 Ι

203 1542 265 1604 His
278 1562 381 1604 eomes
395 1542 508 1605 umbra
522 1546 578 1605 tua
591 1542 756 1623 est-siqua
769 1546 816 1604 est
830 1543 924 1604 modo
938 1543 1077 1624 eorporis
1091 1542 1211 1605 umbra.
1258 1548 1296 1606 65

242 1639 371 1701 Auxisti
386 1659 543 1712 numeros,
560 1639 645 1703 culte
660 1639 797 1712 Tibulle,
814 1639 892 1720 pios.

203 1736 280 1800 Ossa
294 1737 411 1816 quieta,
427 1756 547 1817 proeor,
564 1740 636 1798 tuta
649 1736 834 1816 requiescite
848 1736 882 1796 in
897 1756 989 1811 urna,

242 1836 275 1897 et
289 1833 330 1896 sit
344 1833 462 1896 humus
475 1833 573 1895 eineri
587 1853 652 1895 non
666 1853 796 1896 onerosa
810 1836 880 1896 tuot

540 2141 568 2202 9.
608 2137 784 2200 ROMAN
812 2139 959 2202 GIRLS.

571 2332 604 2379 1.
630 2333 664 2376 a.
688 2333 711 2378 1.
735 2321 804 2391 1-2,
824 2322 933 2380 35-66.

203 2495 309 2578 Siquis
323 2495 357 2557 in
370 2495 431 2558 hoe
445 2498 545 2557 artem
559 2494 677 2576 populo
692 2514 757 2556 non
771 2495 862 2556 novit
876 2494 1016 2570 amandi,

243 2593 314 2654 Hoe
328 2594 412 2673 legat
426 2598 458 2654 et
472 2592 553 2654 lecto
567 2592 705 2654 carmine
719 2592 832 2654 doetus
846 2596 942 2654 amet.

203 2688 377 2771 Principio,
393 2681 478 2770 quod
493 2708 596 2750 amare
610 2688 697 2762 velis,
714 2689 849 2769 reperire
862 2689 979 2764 labora,

244 2786 299 2869 qui
313 2806 395 2849 nova
408 2806 495 2847 nuno
509 2785 649 2866 primum
664 2785 753 2847 miles
768 2786 803 2847 in
817 2806 904 2849 arma
917 2787 1014 2848 venis.

203 2885 372 2947 Proximus
385 2884 460 2945 huie
474 2884 562 2946 labor
575 2888 632 2957 est,
649 2883 798 2964 placitam
813 2904 939 2946 exorare
953 2886 1101 2966 puellam.

244 2982 382 3056 Tertius,
398 2985 436 3042 ut
449 2981 544 3061 longo
559 2984 699 3061 tempore
714 2981 807 3042 duret
821 3002 919 3043 arnor.

204 3081 267 3141 Hie
281 3080 408 3154 modus3
429 3079 506 3141 haee
520 3082 628 3140 nostro
642 3078 820 3158 signabitur
834 3099 905 3140 area
918 3099 1030 3141 eurru:

243 3177 320 3239 baec
334 3177 395 3238 erit
408 3177 543 3239 admissa
557 3181 641 3238 meta
655 3177 827 3258 premenda
841 3182 919 3239 rota.

204 3276 291 3337 Dum
305 3275 390 3348 lieet,
407 3279 440 3335 et
453 3274 528 3336 loris
541 3274 657 3356 passim
672 3278 761 3355 potes
775 3274 821 3336 ire
835 3274 957 3349 solutis,

243 3372 334 3452 elige,
351 3372 403 3433 eui
417 3372 513 3446 dieas,
532 3373 602 3432 ‘Tu
617 3371 698 3433 mibi
712 3373 777 3434 sola
791 3372 918 3453 places?
996 3435 999 3440 ,

204 3470 292 3532 Haeo
305 3469 365 3532 tibi
379 3489 445 3531 non
460 3473 570 3532 tenues
584 3470 690 3532 veniet
705 3471 831 3550 delapsa
844 3490 901 3550 per
914 3490 1016 3532 aurae.

245 3568 430 3644 Quaerenda
444 3571 492 3630 est
505 3567 604 3630 oeulis
618 3572 693 3649 apta
706 3567 813 3648 puella
827 3567 900 3629 tuis.

204 3665 272 3728 Seit
285 3665 365 3728 bene
379 3669 520 3739 venator,
537 3665 637 3728 eervis
651 3665 705 3727 ubi
719 3665 800 3726 retia
815 3665 941 3726 tendat:
995 3735 998 3742 Δ

244 3761 304 3824 seit
317 3763 407 3836 bene,
425 3782 488 3843 qua
501 3763 652 3824 trendens
667 3763 746 3824 valle
761 3765 901 3823 moretur
914 3781 1004 3841 aper3

204 3860 381 3941 aucupibus
394 3859 463 3922 noti
477 3860 622 3937 fruticem
646 3859 698 3940 qui
715 3860 850 3922 sustinet
863 3859 982 3932 hamos,

246 3957 336 4022 novit
350 3977 432 4040 quae
444 3958 547 4020 multo
561 3958 646 4039 pisce
660 3960 812 4020 natentur
825 3975 933 4037 aquae.
