<?xml version="1.0" encoding="UTF-8"?>
<!DOCTYPE html PUBLIC "-//W3C//DTD XHTML 1.0 Transitional//EN"
    "http://www.w3.org/TR/xhtml1/DTD/xhtml1-transitional.dtd">
<html xmlns="http://www.w3.org/1999/xhtml" xml:lang="en" lang="en">
 <head>
  <title>
</title>
<meta http-equiv="Content-Type" content="text/html;charset=utf-8" />
  <meta name='ocr-system' content='tesseract 3.04.00' />
  <meta name='ocr-capabilities' content='ocr_page ocr_carea ocr_par ocr_line ocrx_word'/>
</head>
<body>
  <div class='ocr_page' id='page_1' title='image "./selectionsfromo02ovidgoog_0068.png"; bbox 0 0 2964 4380; ppageno 0'>
   <div class='ocr_carea' id='block_1_1' title="bbox 547 211 870 260">
    <p class='ocr_par' dir='ltr' id='par_1_1' title="bbox 547 211 870 260">
     <span class='ocr_line' id='line_1_1' title="bbox 547 211 870 260; baseline 0.006 -4"><span class='ocrx_word' id='word_1_1' title='bbox 547 211 667 256; x_wconf 73' lang='lat' dir='ltr'>MEDEA</span> <span class='ocrx_word' id='word_1_2' title='bbox 689 211 729 256; x_wconf 87' lang='grc' dir='ltr'><strong>ΤΟ</strong></span> <span class='ocrx_word' id='word_1_3' title='bbox 751 213 768 257; x_wconf 88' lang='lat' dir='ltr'><strong>J</strong></span> <span class='ocrx_word' id='word_1_4' title='bbox 772 212 861 260; x_wconf 78' lang='lat' dir='ltr'>ASON</span> <span class='ocrx_word' id='word_1_5' title='bbox 863 244 870 258; x_wconf 89' lang='lat'><strong><em>.</em></strong></span> 
     </span>
    </p>
   </div>
   <div class='ocr_carea' id='block_1_2' title="bbox 100 362 1141 3856">
    <p class='ocr_par' dir='ltr' id='par_1_2' title="bbox 164 362 922 523">
     <span class='ocr_line' id='line_1_2' title="bbox 164 362 922 445; baseline -0.001 -20"><span class='ocrx_word' id='word_1_6' title='bbox 164 362 277 445; x_wconf 85' lang='lat' dir='ltr'>Iungis</span> <span class='ocrx_word' id='word_1_7' title='bbox 291 366 323 426; x_wconf 88' lang='lat' dir='ltr'><strong>et</strong></span> <span class='ocrx_word' id='word_1_8' title='bbox 337 362 496 444; x_wconf 90' lang='lat' dir='ltr'><strong>aeripedes</strong></span> <span class='ocrx_word' id='word_1_9' title='bbox 509 362 657 424; x_wconf 87' lang='lat' dir='ltr'><strong>inadusto</strong></span> <span class='ocrx_word' id='word_1_10' title='bbox 671 382 801 444; x_wconf 89' lang='lat' dir='ltr'><strong>corpore</strong></span> <span class='ocrx_word' id='word_1_11' title='bbox 815 367 922 425; x_wconf 85' lang='lat' dir='ltr'><strong>tauros</strong></span> 
     </span>
     <span class='ocr_line' id='line_1_3' title="bbox 205 459 890 523; baseline -0.003 -1"><span class='ocrx_word' id='word_1_12' title='bbox 205 465 238 522; x_wconf 88' lang='lat' dir='ltr'><strong>et</strong></span> <span class='ocrx_word' id='word_1_13' title='bbox 251 461 384 523; x_wconf 91' lang='lat' dir='ltr'><strong>solidam</strong></span> <span class='ocrx_word' id='word_1_14' title='bbox 398 460 482 522; x_wconf 90' lang='lat' dir='ltr'><strong>iusso</strong></span> <span class='ocrx_word' id='word_1_15' title='bbox 496 479 620 521; x_wconf 82' lang='lat' dir='ltr'><strong>vomere</strong></span> <span class='ocrx_word' id='word_1_16' title='bbox 634 459 729 521; x_wconf 90' lang='lat' dir='ltr'><strong>findis</strong></span> <span class='ocrx_word' id='word_1_17' title='bbox 743 460 890 521; x_wconf 91' lang='lat' dir='ltr'><strong>humum.</strong></span> 
     </span>
    </p>

    <p class='ocr_par' dir='ltr' id='par_1_3' title="bbox 164 556 933 736">
     <span class='ocr_line' id='line_1_4' title="bbox 164 556 933 638; baseline -0.001 -18"><span class='ocrx_word' id='word_1_18' title='bbox 164 559 250 621; x_wconf 88' lang='lat' dir='ltr'><strong>Arva</strong></span> <span class='ocrx_word' id='word_1_19' title='bbox 263 557 426 620; x_wconf 79' lang='lat' dir='ltr'><strong>venenatis</strong></span> <span class='ocrx_word' id='word_1_20' title='bbox 440 577 497 638; x_wconf 92' lang='lat' dir='ltr'><strong>pro</strong></span> <span class='ocrx_word' id='word_1_21' title='bbox 512 556 630 618; x_wconf 90' lang='lat' dir='ltr'><strong>semine</strong></span> <span class='ocrx_word' id='word_1_22' title='bbox 645 557 793 618; x_wconf 81' lang='lat' dir='ltr'>dentibus</span> <span class='ocrx_word' id='word_1_23' title='bbox 807 557 933 638; x_wconf 84' lang='lat' dir='ltr'><strong>imples:</strong></span> 
     </span>
     <span class='ocr_line' id='line_1_5' title="bbox 204 654 910 736; baseline -0.001 -19"><span class='ocrx_word' id='word_1_24' title='bbox 204 655 345 718; x_wconf 88' lang='lat' dir='ltr'><strong>nascitur</strong></span> <span class='ocrx_word' id='word_1_25' title='bbox 358 659 392 717; x_wconf 88' lang='lat' dir='ltr'><strong>ct</strong></span> <span class='ocrx_word' id='word_1_26' title='bbox 404 654 525 736; x_wconf 83' lang='lat' dir='ltr'><strong>gladios</strong></span> <span class='ocrx_word' id='word_1_27' title='bbox 539 657 688 735; x_wconf 81' lang='lat' dir='ltr'><strong>scutaque</strong></span> <span class='ocrx_word' id='word_1_28' title='bbox 703 655 793 716; x_wconf 90' lang='lat' dir='ltr'><strong>miles</strong></span> <span class='ocrx_word' id='word_1_29' title='bbox 808 655 910 716; x_wconf 85' lang='lat' dir='ltr'><strong>babet.</strong></span> 
     </span>
    </p>

    <p class='ocr_par' dir='ltr' id='par_1_4' title="bbox 164 751 1039 912">
     <span class='ocr_line' id='line_1_6' title="bbox 164 751 1039 834; baseline -0.001 -19"><span class='ocrx_word' id='word_1_30' title='bbox 164 753 238 834; x_wconf 89' lang='lat' dir='ltr'><strong>Ipsa</strong></span> <span class='ocrx_word' id='word_1_31' title='bbox 252 773 320 834; x_wconf 90' lang='lat' dir='ltr'><strong>ego,</strong></span> <span class='ocrx_word' id='word_1_32' title='bbox 338 772 417 834; x_wconf 91' lang='lat' dir='ltr'><strong>quae</strong></span> <span class='ocrx_word' id='word_1_33' title='bbox 431 752 578 814; x_wconf 81' lang='lat' dir='ltr'>dederam</span> <span class='ocrx_word' id='word_1_34' title='bbox 593 751 813 826; x_wconf 85' lang='lat' dir='ltr'><strong>medicamina,</strong></span> <span class='ocrx_word' id='word_1_35' title='bbox 829 753 948 834; x_wconf 88' lang='lat' dir='ltr'><strong>pallida</strong></span> <span class='ocrx_word' id='word_1_36' title='bbox 962 753 1039 827; x_wconf 89' lang='lat' dir='ltr'><strong>sedi,</strong></span> 
     </span>
     <span class='ocr_line' id='line_1_7' title="bbox 204 849 826 912; baseline -0.003 0"><span class='ocrx_word' id='word_1_37' title='bbox 204 871 279 912; x_wconf 91' lang='lat' dir='ltr'><strong>oum</strong></span> <span class='ocrx_word' id='word_1_38' title='bbox 293 849 359 912; x_wconf 82' lang='lat' dir='ltr'><strong>ridi</strong></span> <span class='ocrx_word' id='word_1_39' title='bbox 374 849 493 911; x_wconf 90' lang='lat' dir='ltr'><strong>subitos</strong></span> <span class='ocrx_word' id='word_1_40' title='bbox 507 869 595 910; x_wconf 83' lang='lat' dir='ltr'><strong>arma</strong></span> <span class='ocrx_word' id='word_1_41' title='bbox 608 853 715 911; x_wconf 89' lang='lat' dir='ltr'><strong>tenere</strong></span> <span class='ocrx_word' id='word_1_42' title='bbox 729 849 826 911; x_wconf 83' lang='lat' dir='ltr'><strong>viros:</strong></span> 
     </span>
    </p>

    <p class='ocr_par' dir='ltr' id='par_1_5' title="bbox 163 945 999 1108">
     <span class='ocr_line' id='line_1_8' title="bbox 163 945 999 1027; baseline 0 -18"><span class='ocrx_word' id='word_1_43' title='bbox 163 948 264 1010; x_wconf 88' lang='lat' dir='ltr'><strong>donec</strong></span> <span class='ocrx_word' id='word_1_44' title='bbox 278 947 452 1027; x_wconf 76' lang='lat' dir='ltr'><strong>terrigenae</strong></span> <span class='ocrx_word' id='word_1_45' title='bbox 466 983 506 994; x_wconf 92' lang='lat'>—</span> <span class='ocrx_word' id='word_1_46' title='bbox 519 945 645 1008; x_wconf 78' lang='lat' dir='ltr'><strong>facinus</strong></span> <span class='ocrx_word' id='word_1_47' title='bbox 658 945 815 1008; x_wconf 89' lang='lat' dir='ltr'><strong>mirabile!</strong></span> <span class='ocrx_word' id='word_1_48' title='bbox 831 948 999 1009; x_wconf 78' lang='lat' dir='ltr'><strong>-fratres</strong></span> 
     </span>
     <span class='ocr_line' id='line_1_9' title="bbox 204 1033 806 1108; baseline -0.002 -1"><span class='ocrx_word' id='word_1_49' title='bbox 204 1045 289 1108; x_wconf 86' lang='lat' dir='ltr'><strong>inter</strong></span> <span class='ocrx_word' id='word_1_50' title='bbox 302 1065 334 1107; x_wconf 89' lang='lat' dir='ltr'><strong>se</strong></span> <span class='ocrx_word' id='word_1_51' title='bbox 348 1045 472 1106; x_wconf 87' lang='lat' dir='ltr'><strong>strictas</strong></span> <span class='ocrx_word' id='word_1_52' title='bbox 487 1033 806 1106; x_wconf 75' lang='lat' dir='ltr'><strong>conseruere&#39;mauus.</strong></span> 
     </span>
    </p>

    <p class='ocr_par' dir='ltr' id='par_1_6' title="bbox 164 1141 1012 1320">
     <span class='ocr_line' id='line_1_10' title="bbox 164 1141 1012 1224; baseline 0.001 -20"><span class='ocrx_word' id='word_1_53' title='bbox 164 1143 297 1224; x_wconf 83' lang='lat' dir='ltr'><strong>Insopor</strong></span> <span class='ocrx_word' id='word_1_54' title='bbox 311 1163 381 1204; x_wconf 87' lang='lat' dir='ltr'><strong>ecce</strong></span> <span class='ocrx_word' id='word_1_55' title='bbox 392 1142 469 1221; x_wconf 88' lang='lat' dir='ltr'><strong>vigil</strong></span> <span class='ocrx_word' id='word_1_56' title='bbox 485 1141 623 1222; x_wconf 81' lang='lat' dir='ltr'><strong>squamis</strong></span> <span class='ocrx_word' id='word_1_57' title='bbox 637 1141 867 1222; x_wconf 74' lang='lat' dir='ltr'><strong>crepitantibus</strong></span> <span class='ocrx_word' id='word_1_58' title='bbox 880 1143 1012 1206; x_wconf 88' lang='lat' dir='ltr'><strong>horrens</strong></span> 
     </span>
     <span class='ocr_line' id='line_1_11' title="bbox 204 1239 879 1320; baseline -0.003 -18"><span class='ocrx_word' id='word_1_59' title='bbox 204 1240 319 1314; x_wconf 89' lang='lat' dir='ltr'><strong>sibilat,</strong></span> <span class='ocrx_word' id='word_1_60' title='bbox 336 1242 368 1300; x_wconf 90' lang='lat' dir='ltr'><strong>et</strong></span> <span class='ocrx_word' id='word_1_61' title='bbox 382 1243 467 1300; x_wconf 90' lang='lat' dir='ltr'><strong>torto</strong></span> <span class='ocrx_word' id='word_1_62' title='bbox 480 1243 606 1320; x_wconf 90' lang='lat' dir='ltr'><strong>pectore</strong></span> <span class='ocrx_word' id='word_1_63' title='bbox 621 1239 717 1300; x_wconf 86' lang='lat' dir='ltr'><strong>verrit</strong></span> <span class='ocrx_word' id='word_1_64' title='bbox 731 1239 879 1300; x_wconf 89' lang='lat' dir='ltr'><strong>humum.</strong></span> 
     </span>
    </p>

    <p class='ocr_par' dir='ltr' id='par_1_7' title="bbox 164 1336 1068 1517">
     <span class='ocr_line' id='line_1_12' title="bbox 164 1336 1068 1418; baseline 0.001 -19"><span class='ocrx_word' id='word_1_65' title='bbox 164 1337 257 1400; x_wconf 91' lang='lat' dir='ltr'><strong>Dotis</strong></span> <span class='ocrx_word' id='word_1_66' title='bbox 271 1357 345 1418; x_wconf 88' lang='lat' dir='ltr'><strong>opes</strong></span> <span class='ocrx_word' id='word_1_67' title='bbox 359 1337 413 1398; x_wconf 91' lang='lat' dir='ltr'><strong>ubi</strong></span> <span class='ocrx_word' id='word_1_68' title='bbox 428 1338 542 1398; x_wconf 82' lang='lat' dir='ltr'><strong>erant?</strong></span> <span class='ocrx_word' id='word_1_69' title='bbox 583 1336 649 1399; x_wconf 87' lang='lat' dir='ltr'><strong>Ubi</strong></span> <span class='ocrx_word' id='word_1_70' title='bbox 663 1340 731 1398; x_wconf 86' lang='lat' dir='ltr'><strong>erat</strong></span> <span class='ocrx_word' id='word_1_71' title='bbox 745 1337 804 1398; x_wconf 92' lang='lat' dir='ltr'><strong>tibi</strong></span> <span class='ocrx_word' id='word_1_72' title='bbox 819 1337 905 1418; x_wconf 86' lang='lat' dir='ltr'><strong>regia</strong></span> <span class='ocrx_word' id='word_1_73' title='bbox 918 1339 1068 1413; x_wconf 84' lang='lat' dir='ltr'><strong>coniunx,</strong></span> 
     </span>
     <span class='ocr_line' id='line_1_13' title="bbox 205 1433 998 1517; baseline 0.003 -22"><span class='ocrx_word' id='word_1_74' title='bbox 205 1435 322 1517; x_wconf 92' lang='lat' dir='ltr'><strong>quique</strong></span> <span class='ocrx_word' id='word_1_75' title='bbox 336 1434 432 1496; x_wconf 88' lang='lat' dir='ltr'><strong>maris</strong></span> <span class='ocrx_word' id='word_1_76' title='bbox 446 1433 566 1514; x_wconf 84' lang='lat' dir='ltr'><strong>gemini</strong></span> <span class='ocrx_word' id='word_1_77' title='bbox 580 1434 712 1495; x_wconf 91' lang='lat' dir='ltr'><strong>distinet</strong></span> <span class='ocrx_word' id='word_1_78' title='bbox 726 1434 865 1497; x_wconf 84' lang='lat' dir='ltr'><strong>Isthmos</strong></span> <span class='ocrx_word' id='word_1_79' title='bbox 879 1439 998 1516; x_wconf 84' lang='lat' dir='ltr'><strong>aquas?</strong></span> 
     </span>
    </p>

    <p class='ocr_par' dir='ltr' id='par_1_8' title="bbox 164 1531 1065 1710">
     <span class='ocr_line' id='line_1_14' title="bbox 164 1531 1065 1613; baseline 0.002 -19"><span class='ocrx_word' id='word_1_80' title='bbox 164 1532 224 1594; x_wconf 92' lang='lat' dir='ltr'><strong>Illa</strong></span> <span class='ocrx_word' id='word_1_81' title='bbox 237 1552 306 1612; x_wconf 87' lang='lat' dir='ltr'><strong>ego,</strong></span> <span class='ocrx_word' id='word_1_82' title='bbox 323 1552 402 1613; x_wconf 91' lang='lat' dir='ltr'><strong>quac</strong></span> <span class='ocrx_word' id='word_1_83' title='bbox 416 1531 476 1593; x_wconf 89' lang='lat' dir='ltr'><strong>tibi</strong></span> <span class='ocrx_word' id='word_1_84' title='bbox 490 1551 561 1592; x_wconf 91' lang='lat' dir='ltr'><strong>sum</strong></span> <span class='ocrx_word' id='word_1_85' title='bbox 575 1551 662 1592; x_wconf 91' lang='lat' dir='ltr'><strong>nuno</strong></span> <span class='ocrx_word' id='word_1_86' title='bbox 676 1532 812 1613; x_wconf 90' lang='lat' dir='ltr'><strong>deniquo</strong></span> <span class='ocrx_word' id='word_1_87' title='bbox 826 1534 957 1595; x_wconf 87' lang='lat' dir='ltr'><strong>barbara</strong></span> <span class='ocrx_word' id='word_1_88' title='bbox 970 1536 1065 1607; x_wconf 83' lang='lat' dir='ltr'><strong>iacta,</strong></span> 
     </span>
     <span class='ocr_line' id='line_1_15' title="bbox 204 1629 991 1710; baseline 0.003 -20"><span class='ocrx_word' id='word_1_89' title='bbox 204 1650 291 1691; x_wconf 88' lang='lat' dir='ltr'><strong>nuno</strong></span> <span class='ocrx_word' id='word_1_90' title='bbox 305 1629 364 1691; x_wconf 90' lang='lat' dir='ltr'><strong>tibi</strong></span> <span class='ocrx_word' id='word_1_91' title='bbox 379 1649 449 1690; x_wconf 90' lang='lat' dir='ltr'><strong>sum</strong></span> <span class='ocrx_word' id='word_1_92' title='bbox 463 1648 594 1710; x_wconf 85' lang='lat' dir='ltr'><strong>pauper,</strong></span> <span class='ocrx_word' id='word_1_93' title='bbox 611 1648 698 1690; x_wconf 90' lang='lat' dir='ltr'><strong>nunc</strong></span> <span class='ocrx_word' id='word_1_94' title='bbox 714 1629 772 1690; x_wconf 91' lang='lat' dir='ltr'><strong>tibi</strong></span> <span class='ocrx_word' id='word_1_95' title='bbox 786 1629 852 1692; x_wconf 85' lang='lat' dir='ltr'><strong>risa</strong></span> <span class='ocrx_word' id='word_1_96' title='bbox 867 1650 991 1706; x_wconf 90' lang='lat' dir='ltr'><strong>nocens,</strong></span> 
     </span>
    </p>

    <p class='ocr_par' dir='ltr' id='par_1_9' title="bbox 164 1726 899 1905">
     <span class='ocr_line' id='line_1_16' title="bbox 164 1726 899 1801; baseline 0.001 -13"><span class='ocrx_word' id='word_1_97' title='bbox 164 1727 308 1789; x_wconf 84' lang='lat' dir='ltr'><strong>flammea</strong></span> <span class='ocrx_word' id='word_1_98' title='bbox 322 1726 459 1788; x_wconf 85' lang='lat' dir='ltr'><strong>subduxi</strong></span> <span class='ocrx_word' id='word_1_99' title='bbox 473 1726 628 1788; x_wconf 89' lang='lat' dir='ltr'><strong>medicato</strong></span> <span class='ocrx_word' id='word_1_100' title='bbox 642 1726 766 1788; x_wconf 91' lang='lat' dir='ltr'><strong>lumina</strong></span> <span class='ocrx_word' id='word_1_101' title='bbox 779 1747 899 1801; x_wconf 91' lang='lat' dir='ltr'><strong>somno,</strong></span> 
     </span>
     <span class='ocr_line' id='line_1_17' title="bbox 203 1823 878 1905; baseline -0.001 -18"><span class='ocrx_word' id='word_1_102' title='bbox 203 1829 236 1887; x_wconf 87' lang='lat' dir='ltr'><strong>et</strong></span> <span class='ocrx_word' id='word_1_103' title='bbox 250 1824 319 1898; x_wconf 90' lang='lat' dir='ltr'><strong>tibi,</strong></span> <span class='ocrx_word' id='word_1_104' title='bbox 337 1844 417 1905; x_wconf 89' lang='lat' dir='ltr'><strong>quae</strong></span> <span class='ocrx_word' id='word_1_105' title='bbox 431 1843 565 1904; x_wconf 86' lang='lat' dir='ltr'><strong>raperes,</strong></span> <span class='ocrx_word' id='word_1_106' title='bbox 581 1823 697 1885; x_wconf 84' lang='lat' dir='ltr'><strong>vellera</strong></span> <span class='ocrx_word' id='word_1_107' title='bbox 710 1826 782 1886; x_wconf 90' lang='lat' dir='ltr'><strong>tuta</strong></span> <span class='ocrx_word' id='word_1_108' title='bbox 796 1825 853 1886; x_wconf 89' lang='lat' dir='ltr'><strong>ded</strong></span> <span class='ocrx_word' id='word_1_109' title='bbox 859 1825 878 1886; x_wconf 88' lang='lat' dir='ltr'><strong>i.</strong></span> 
     </span>
    </p>

    <p class='ocr_par' dir='ltr' id='par_1_10' title="bbox 164 1921 1025 2100">
     <span class='ocr_line' id='line_1_18' title="bbox 164 1921 1025 2004; baseline 0.001 -21"><span class='ocrx_word' id='word_1_110' title='bbox 164 1923 314 1986; x_wconf 88' lang='lat' dir='ltr'><strong>Proditus</strong></span> <span class='ocrx_word' id='word_1_111' title='bbox 327 1928 375 1984; x_wconf 89' lang='lat' dir='ltr'><strong>est</strong></span> <span class='ocrx_word' id='word_1_112' title='bbox 387 1921 523 2002; x_wconf 83' lang='lat' dir='ltr'><strong>genitor,</strong></span> <span class='ocrx_word' id='word_1_113' title='bbox 540 1942 674 2002; x_wconf 89' lang='lat' dir='ltr'><strong>regnum</strong></span> <span class='ocrx_word' id='word_1_114' title='bbox 689 1922 887 2003; x_wconf 85' lang='lat' dir='ltr'><strong>patriamque</strong></span> <span class='ocrx_word' id='word_1_115' title='bbox 901 1923 1025 2004; x_wconf 86' lang='lat' dir='ltr'><strong>reliqui,</strong></span> 
     </span>
     <span class='ocr_line' id='line_1_19' title="bbox 202 2018 842 2100; baseline 0 -20"><span class='ocrx_word' id='word_1_116' title='bbox 202 2020 324 2100; x_wconf 88' lang='lat' dir='ltr'><strong>optima</strong></span> <span class='ocrx_word' id='word_1_117' title='bbox 337 2039 410 2081; x_wconf 90' lang='lat' dir='ltr'><strong>oum</strong></span> <span class='ocrx_word' id='word_1_118' title='bbox 425 2039 496 2081; x_wconf 85' lang='lat' dir='ltr'><strong>cara</strong></span> <span class='ocrx_word' id='word_1_119' title='bbox 510 2023 610 2080; x_wconf 89' lang='lat' dir='ltr'><strong>matre</strong></span> <span class='ocrx_word' id='word_1_120' title='bbox 624 2018 735 2081; x_wconf 87' lang='lat' dir='ltr'><strong>relicta</strong></span> <span class='ocrx_word' id='word_1_121' title='bbox 748 2039 842 2081; x_wconf 90' lang='lat' dir='ltr'><strong>soror.</strong></span> 
     </span>
    </p>

    <p class='ocr_par' dir='ltr' id='par_1_11' title="bbox 100 2116 948 2276">
     <span class='ocr_line' id='line_1_20' title="bbox 100 2116 948 2198; baseline 0.001 -21"><span class='ocrx_word' id='word_1_122' title='bbox 100 2122 106 2126; x_wconf 79' lang='grc'><strong>’</strong></span> <span class='ocrx_word' id='word_1_123' title='bbox 163 2116 209 2178; x_wconf 88' lang='lat' dir='ltr'><strong>At</strong></span> <span class='ocrx_word' id='word_1_124' title='bbox 223 2137 288 2179; x_wconf 96' lang='lat' dir='ltr'><strong>non</strong></span> <span class='ocrx_word' id='word_1_125' title='bbox 303 2120 334 2178; x_wconf 87' lang='lat' dir='ltr'><strong>te</strong></span> <span class='ocrx_word' id='word_1_126' title='bbox 347 2116 476 2196; x_wconf 78' lang='lat' dir='ltr'><strong>fugiens</strong></span> <span class='ocrx_word' id='word_1_127' title='bbox 490 2116 557 2177; x_wconf 90' lang='lat' dir='ltr'><strong>sine</strong></span> <span class='ocrx_word' id='word_1_128' title='bbox 571 2136 633 2190; x_wconf 91' lang='lat' dir='ltr'><strong>me,</strong></span> <span class='ocrx_word' id='word_1_129' title='bbox 649 2136 808 2196; x_wconf 88' lang='lat' dir='ltr'><strong>germane,</strong></span> <span class='ocrx_word' id='word_1_130' title='bbox 826 2117 948 2198; x_wconf 90' lang='lat' dir='ltr'><strong>reliqui.</strong></span> 
     </span>
     <span class='ocr_line' id='line_1_21' title="bbox 204 2213 809 2276; baseline -0.005 0"><span class='ocrx_word' id='word_1_131' title='bbox 204 2214 320 2276; x_wconf 88' lang='lat' dir='ltr'><strong>Deficit</strong></span> <span class='ocrx_word' id='word_1_132' title='bbox 334 2214 394 2275; x_wconf 91' lang='lat' dir='ltr'><strong>hoc</strong></span> <span class='ocrx_word' id='word_1_133' title='bbox 408 2234 473 2276; x_wconf 93' lang='lat' dir='ltr'><strong>uno</strong></span> <span class='ocrx_word' id='word_1_134' title='bbox 487 2213 595 2275; x_wconf 86' lang='lat' dir='ltr'><strong>littera</strong></span> <span class='ocrx_word' id='word_1_135' title='bbox 609 2219 716 2274; x_wconf 88' lang='lat' dir='ltr'><strong>nostra</strong></span> <span class='ocrx_word' id='word_1_136' title='bbox 730 2215 809 2275; x_wconf 86' lang='lat' dir='ltr'><strong>loco.</strong></span> 
     </span>
    </p>

    <p class='ocr_par' dir='ltr' id='par_1_12' title="bbox 164 2311 1089 2490">
     <span class='ocr_line' id='line_1_22' title="bbox 164 2311 1089 2386; baseline 0.002 -13"><span class='ocrx_word' id='word_1_137' title='bbox 164 2311 255 2386; x_wconf 78' lang='lat' dir='ltr'><strong>Quod</strong></span> <span class='ocrx_word' id='word_1_138' title='bbox 270 2313 372 2373; x_wconf 81' lang='lat' dir='ltr'><strong>facere</strong></span> <span class='ocrx_word' id='word_1_139' title='bbox 386 2331 462 2374; x_wconf 87' lang='lat' dir='ltr'><strong>ausa</strong></span> <span class='ocrx_word' id='word_1_140' title='bbox 475 2331 545 2372; x_wconf 84' lang='lat' dir='ltr'><strong>meu</strong></span> <span class='ocrx_word' id='word_1_141' title='bbox 558 2315 616 2384; x_wconf 88' lang='lat' dir='ltr'><strong>cst,</strong></span> <span class='ocrx_word' id='word_1_142' title='bbox 633 2330 699 2372; x_wconf 95' lang='lat' dir='ltr'><strong>non</strong></span> <span class='ocrx_word' id='word_1_143' title='bbox 712 2311 809 2372; x_wconf 86' lang='lat' dir='ltr'><strong>audet</strong></span> <span class='ocrx_word' id='word_1_144' title='bbox 823 2312 955 2372; x_wconf 89' lang='lat' dir='ltr'><strong>scribere</strong></span> <span class='ocrx_word' id='word_1_145' title='bbox 970 2314 1089 2375; x_wconf 84' lang='lat' dir='ltr'><strong>dextra.</strong></span> 
     </span>
     <span class='ocr_line' id='line_1_23' title="bbox 205 2409 830 2490; baseline -0.003 -18"><span class='ocrx_word' id='word_1_146' title='bbox 205 2409 256 2472; x_wconf 82' lang='lat' dir='ltr'><strong>Sic</strong></span> <span class='ocrx_word' id='word_1_147' title='bbox 270 2430 339 2490; x_wconf 90' lang='lat' dir='ltr'><strong>ego,</strong></span> <span class='ocrx_word' id='word_1_148' title='bbox 355 2410 409 2471; x_wconf 90' lang='lat' dir='ltr'><strong>sed</strong></span> <span class='ocrx_word' id='word_1_149' title='bbox 423 2413 540 2483; x_wconf 87' lang='lat' dir='ltr'><strong>tecum,</strong></span> <span class='ocrx_word' id='word_1_150' title='bbox 558 2409 758 2470; x_wconf 88' lang='lat' dir='ltr'><strong>dilaceranda</strong></span> <span class='ocrx_word' id='word_1_151' title='bbox 771 2409 830 2470; x_wconf 77' lang='lat' dir='ltr'><strong>fui.</strong></span> 
     </span>
    </p>

    <p class='ocr_par' dir='ltr' id='par_1_13' title="bbox 163 2506 1141 2686">
     <span class='ocr_line' id='line_1_24' title="bbox 163 2506 1141 2588; baseline -0.002 -18"><span class='ocrx_word' id='word_1_152' title='bbox 163 2508 231 2570; x_wconf 86' lang='lat' dir='ltr'><strong>Neo</strong></span> <span class='ocrx_word' id='word_1_153' title='bbox 246 2512 353 2570; x_wconf 86' lang='lat' dir='ltr'><strong>tamen</strong></span> <span class='ocrx_word' id='word_1_154' title='bbox 367 2507 501 2569; x_wconf 86' lang='lat' dir='ltr'><strong>extimui</strong></span> <span class='ocrx_word' id='word_1_155' title='bbox 515 2543 556 2554; x_wconf 91' lang='lat'>—</span> <span class='ocrx_word' id='word_1_156' title='bbox 571 2506 648 2587; x_wconf 90' lang='lat' dir='ltr'><strong>quid</strong></span> <span class='ocrx_word' id='word_1_157' title='bbox 663 2506 748 2568; x_wconf 90' lang='lat' dir='ltr'><strong>euim</strong></span> <span class='ocrx_word' id='word_1_158' title='bbox 764 2511 835 2588; x_wconf 92' lang='lat' dir='ltr'><strong>post</strong></span> <span class='ocrx_word' id='word_1_159' title='bbox 848 2506 905 2568; x_wconf 89' lang='lat' dir='ltr'><strong>illa</strong></span> <span class='ocrx_word' id='word_1_160' title='bbox 918 2507 1062 2568; x_wconf 88' lang='lat' dir='ltr'><strong>timerem</strong></span> <span class='ocrx_word' id='word_1_161' title='bbox 1073 2512 1087 2568; x_wconf 67' lang='grc' dir='ltr'><strong>ἱ)</strong></span> <span class='ocrx_word' id='word_1_162' title='bbox 1100 2545 1141 2554; x_wconf 95' lang='grc'>-</span> 
     </span>
     <span class='ocr_line' id='line_1_25' title="bbox 203 2603 946 2686; baseline -0.004 -19"><span class='ocrx_word' id='word_1_163' title='bbox 203 2607 328 2667; x_wconf 87' lang='lat' dir='ltr'><strong>credere</strong></span> <span class='ocrx_word' id='word_1_164' title='bbox 342 2625 393 2666; x_wconf 93' lang='lat' dir='ltr'><strong>me</strong></span> <span class='ocrx_word' id='word_1_165' title='bbox 407 2605 519 2686; x_wconf 81' lang='lat' dir='ltr'><strong>pelago</strong></span> <span class='ocrx_word' id='word_1_166' title='bbox 533 2605 664 2678; x_wconf 81' lang='lat' dir='ltr'><strong>femina,</strong></span> <span class='ocrx_word' id='word_1_167' title='bbox 682 2603 806 2685; x_wconf 87' lang='lat' dir='ltr'><strong>iamque</strong></span> <span class='ocrx_word' id='word_1_168' title='bbox 822 2624 946 2665; x_wconf 86' lang='lat' dir='ltr'><strong>nocens.</strong></span> 
     </span>
    </p>

    <p class='ocr_par' dir='ltr' id='par_1_14' title="bbox 163 2700 1107 2881">
     <span class='ocr_line' id='line_1_26' title="bbox 163 2700 1107 2764; baseline 0 0"><span class='ocrx_word' id='word_1_169' title='bbox 163 2702 292 2764; x_wconf 85' lang='lat' dir='ltr'><strong>Numen</strong></span> <span class='ocrx_word' id='word_1_170' title='bbox 307 2701 363 2763; x_wconf 92' lang='lat' dir='ltr'><strong>ubi</strong></span> <span class='ocrx_word' id='word_1_171' title='bbox 377 2703 448 2763; x_wconf 82' lang='lat' dir='ltr'><strong>est?</strong></span> <span class='ocrx_word' id='word_1_172' title='bbox 489 2700 555 2763; x_wconf 88' lang='lat' dir='ltr'><strong>Ubi</strong></span> <span class='ocrx_word' id='word_1_173' title='bbox 569 2701 628 2763; x_wconf 82' lang='lat' dir='ltr'><strong>di?</strong></span> <span class='ocrx_word' id='word_1_174' title='bbox 670 2700 800 2762; x_wconf 88' lang='lat' dir='ltr'><strong>Meritas</strong></span> <span class='ocrx_word' id='word_1_175' title='bbox 814 2702 981 2762; x_wconf 83' lang='lat' dir='ltr'><strong>subeamus</strong></span> <span class='ocrx_word' id='word_1_176' title='bbox 994 2702 1029 2762; x_wconf 89' lang='lat' dir='ltr'><strong>in</strong></span> <span class='ocrx_word' id='word_1_177' title='bbox 1042 2705 1107 2764; x_wconf 90' lang='lat' dir='ltr'><strong>alto</strong></span> 
     </span>
     <span class='ocr_line' id='line_1_27' title="bbox 202 2798 812 2881; baseline -0.003 -20"><span class='ocrx_word' id='word_1_178' title='bbox 202 2804 239 2861; x_wconf 92' lang='lat' dir='ltr'><strong>tu</strong></span> <span class='ocrx_word' id='word_1_179' title='bbox 254 2800 377 2862; x_wconf 78' lang='lat' dir='ltr'><strong>fraudis</strong></span> <span class='ocrx_word' id='word_1_180' title='bbox 390 2819 518 2881; x_wconf 85' lang='lat' dir='ltr'><strong>poenas,</strong></span> <span class='ocrx_word' id='word_1_181' title='bbox 535 2798 732 2860; x_wconf 83' lang='lat' dir='ltr'><strong>credulitatis</strong></span> <span class='ocrx_word' id='word_1_182' title='bbox 746 2819 812 2878; x_wconf 90' lang='lat' dir='ltr'><strong>ego.</strong></span> 
     </span>
    </p>

    <p class='ocr_par' dir='ltr' id='par_1_15' title="bbox 165 2895 919 3076">
     <span class='ocr_line' id='line_1_28' title="bbox 165 2895 919 2978; baseline -0.004 -19"><span class='ocrx_word' id='word_1_183' title='bbox 165 2897 363 2978; x_wconf 77' lang='lat' dir='ltr'><strong>Compressos</strong></span> <span class='ocrx_word' id='word_1_184' title='bbox 376 2897 501 2958; x_wconf 82' lang='lat' dir='ltr'><strong>utinam</strong></span> <span class='ocrx_word' id='word_1_185' title='bbox 517 2895 741 2976; x_wconf 86' lang='lat' dir='ltr'><strong>Symplegades</strong></span> <span class='ocrx_word' id='word_1_186' title='bbox 755 2896 919 2969; x_wconf 88' lang='lat' dir='ltr'><strong>elisissent,</strong></span> 
     </span>
     <span class='ocr_line' id='line_1_29' title="bbox 203 2993 898 3076; baseline -0.004 -20"><span class='ocrx_word' id='word_1_187' title='bbox 203 2999 372 3076; x_wconf 89' lang='lat' dir='ltr'><strong>nostraque</strong></span> <span class='ocrx_word' id='word_1_188' title='bbox 386 2994 595 3056; x_wconf 86' lang='lat' dir='ltr'><strong>adhaererent</strong></span> <span class='ocrx_word' id='word_1_189' title='bbox 609 2993 729 3054; x_wconf 89' lang='lat' dir='ltr'><strong>ossibus</strong></span> <span class='ocrx_word' id='word_1_190' title='bbox 743 3013 810 3054; x_wconf 86' lang='lat' dir='ltr'><strong>ossa</strong></span> <span class='ocrx_word' id='word_1_191' title='bbox 824 2993 898 3066; x_wconf 88' lang='lat' dir='ltr'><strong>tuis,</strong></span> 
     </span>
    </p>

    <p class='ocr_par' dir='ltr' id='par_1_16' title="bbox 162 3089 979 3173">
     <span class='ocr_line' id='line_1_30' title="bbox 162 3089 979 3173; baseline -0.001 -19"><span class='ocrx_word' id='word_1_192' title='bbox 162 3095 219 3154; x_wconf 89' lang='lat' dir='ltr'><strong>aut</strong></span> <span class='ocrx_word' id='word_1_193' title='bbox 233 3112 290 3153; x_wconf 94' lang='lat' dir='ltr'><strong>uos</strong></span> <span class='ocrx_word' id='word_1_194' title='bbox 306 3091 410 3173; x_wconf 83' lang='lat' dir='ltr'><strong>Scylla</strong></span> <span class='ocrx_word' id='word_1_195' title='bbox 423 3110 521 3172; x_wconf 82' lang='lat' dir='ltr'><strong>rapas</strong></span> <span class='ocrx_word' id='word_1_196' title='bbox 535 3089 666 3152; x_wconf 87' lang='lat' dir='ltr'><strong>canibus</strong></span> <span class='ocrx_word' id='word_1_197' title='bbox 680 3089 815 3151; x_wconf 90' lang='lat' dir='ltr'><strong>misisset</strong></span> <span class='ocrx_word' id='word_1_198' title='bbox 829 3091 979 3154; x_wconf 85' lang='lat' dir='ltr'><strong>edendos!</strong></span> 
     </span>
    </p>

    <p class='ocr_par' dir='ltr' id='par_1_17' title="bbox 133 3186 816 3268">
     <span class='ocr_line' id='line_1_31' title="bbox 133 3186 816 3268; baseline -0.007 -17"><span class='ocrx_word' id='word_1_199' title='bbox 133 3220 143 3234; x_wconf 85' lang='lat'><strong>·</strong></span> <span class='ocrx_word' id='word_1_200' title='bbox 203 3188 324 3251; x_wconf 90' lang='lat' dir='ltr'><strong>Debuit</strong></span> <span class='ocrx_word' id='word_1_201' title='bbox 338 3188 472 3268; x_wconf 89' lang='lat' dir='ltr'><strong>ingratis</strong></span> <span class='ocrx_word' id='word_1_202' title='bbox 487 3187 591 3268; x_wconf 85' lang='lat' dir='ltr'><strong>Scylla</strong></span> <span class='ocrx_word' id='word_1_203' title='bbox 605 3207 716 3249; x_wconf 87' lang='lat' dir='ltr'><strong>nocere</strong></span> <span class='ocrx_word' id='word_1_204' title='bbox 732 3186 816 3248; x_wconf 84' lang='lat' dir='ltr'><strong>viris.</strong></span> 
     </span>
    </p>

    <p class='ocr_par' dir='ltr' id='par_1_18' title="bbox 164 3285 1078 3464">
     <span class='ocr_line' id='line_1_32' title="bbox 164 3285 1078 3367; baseline 0.002 -21"><span class='ocrx_word' id='word_1_205' title='bbox 164 3286 312 3367; x_wconf 83' lang='lat' dir='ltr'><strong>Quaeque</strong></span> <span class='ocrx_word' id='word_1_206' title='bbox 324 3286 426 3348; x_wconf 81' lang='lat' dir='ltr'><strong>vomit</strong></span> <span class='ocrx_word' id='word_1_207' title='bbox 441 3285 574 3347; x_wconf 91' lang='lat' dir='ltr'><strong>totidem</strong></span> <span class='ocrx_word' id='word_1_208' title='bbox 589 3285 706 3346; x_wconf 87' lang='lat' dir='ltr'><strong>fluctus</strong></span> <span class='ocrx_word' id='word_1_209' title='bbox 720 3285 914 3365; x_wconf 87' lang='lat' dir='ltr'><strong>totidemque</strong></span> <span class='ocrx_word' id='word_1_210' title='bbox 929 3287 1078 3360; x_wconf 89' lang='lat' dir='ltr'><strong>resorbet,</strong></span> 
     </span>
     <span class='ocr_line' id='line_1_33' title="bbox 203 3381 949 3464; baseline -0.003 -20"><span class='ocrx_word' id='word_1_211' title='bbox 203 3403 260 3445; x_wconf 92' lang='lat' dir='ltr'><strong>nos</strong></span> <span class='ocrx_word' id='word_1_212' title='bbox 274 3403 399 3464; x_wconf 90' lang='lat' dir='ltr'><strong>quoque</strong></span> <span class='ocrx_word' id='word_1_213' title='bbox 414 3382 597 3444; x_wconf 79' lang='lat' dir='ltr'><strong>Trinacriae</strong></span> <span class='ocrx_word' id='word_1_214' title='bbox 611 3381 824 3462; x_wconf 90' lang='lat' dir='ltr'><strong>subposuisset</strong></span> <span class='ocrx_word' id='word_1_215' title='bbox 838 3384 949 3461; x_wconf 89' lang='lat' dir='ltr'><strong>aquae!</strong></span> 
     </span>
    </p>

    <p class='ocr_par' dir='ltr' id='par_1_19' title="bbox 163 3477 1010 3659">
     <span class='ocr_line' id='line_1_34' title="bbox 163 3477 1010 3562; baseline -0.004 -20"><span class='ocrx_word' id='word_1_216' title='bbox 163 3480 274 3562; x_wconf 88' lang='lat' dir='ltr'><strong>Sospes</strong></span> <span class='ocrx_word' id='word_1_217' title='bbox 288 3481 329 3543; x_wconf 86' lang='lat' dir='ltr'><strong>ad</strong></span> <span class='ocrx_word' id='word_1_218' title='bbox 343 3480 536 3542; x_wconf 87' lang='lat' dir='ltr'><strong>Haemonias</strong></span> <span class='ocrx_word' id='word_1_219' title='bbox 551 3479 712 3559; x_wconf 87' lang='lat' dir='ltr'><strong>victorque</strong></span> <span class='ocrx_word' id='word_1_220' title='bbox 727 3477 890 3540; x_wconf 85' lang='lat' dir='ltr'><strong>reverteris</strong></span> <span class='ocrx_word' id='word_1_221' title='bbox 905 3479 1010 3539; x_wconf 89' lang='lat' dir='ltr'><strong>urbes:</strong></span> 
     </span>
     <span class='ocr_line' id='line_1_35' title="bbox 203 3576 814 3659; baseline -0.008 -19"><span class='ocrx_word' id='word_1_222' title='bbox 203 3579 334 3659; x_wconf 88' lang='lat' dir='ltr'><strong>ponitur</strong></span> <span class='ocrx_word' id='word_1_223' title='bbox 348 3579 388 3639; x_wconf 88' lang='lat' dir='ltr'><strong>ad</strong></span> <span class='ocrx_word' id='word_1_224' title='bbox 403 3577 522 3659; x_wconf 88' lang='lat' dir='ltr'><strong>patrios</strong></span> <span class='ocrx_word' id='word_1_225' title='bbox 536 3597 630 3638; x_wconf 89' lang='lat' dir='ltr'><strong>aurea</strong></span> <span class='ocrx_word' id='word_1_226' title='bbox 644 3577 717 3636; x_wconf 85' lang='lat' dir='ltr'><strong>lana</strong></span> <span class='ocrx_word' id='word_1_227' title='bbox 731 3576 814 3636; x_wconf 88' lang='lat' dir='ltr'><strong>deos.</strong></span> 
     </span>
    </p>

    <p class='ocr_par' dir='ltr' id='par_1_20' title="bbox 163 3674 947 3856">
     <span class='ocr_line' id='line_1_36' title="bbox 163 3674 916 3754; baseline -0.004 -17"><span class='ocrx_word' id='word_1_228' title='bbox 163 3675 248 3751; x_wconf 83' lang='lat' dir='ltr'><strong>Quid</strong></span> <span class='ocrx_word' id='word_1_229' title='bbox 263 3677 397 3739; x_wconf 79' lang='lat' dir='ltr'><strong>referam</strong></span> <span class='ocrx_word' id='word_1_230' title='bbox 414 3677 517 3738; x_wconf 90' lang='lat' dir='ltr'><strong>Peliae</strong></span> <span class='ocrx_word' id='word_1_231' title='bbox 531 3679 622 3736; x_wconf 87' lang='lat' dir='ltr'><strong>natas</strong></span> <span class='ocrx_word' id='word_1_232' title='bbox 636 3674 754 3754; x_wconf 88' lang='lat' dir='ltr'><strong>pietate</strong></span> <span class='ocrx_word' id='word_1_233' title='bbox 768 3677 916 3734; x_wconf 85' lang='lat' dir='ltr'><strong>nocentes</strong></span> 
     </span>
     <span class='ocr_line' id='line_1_37' title="bbox 203 3773 947 3856; baseline -0.007 -19"><span class='ocrx_word' id='word_1_234' title='bbox 203 3795 352 3856; x_wconf 86' lang='lat' dir='ltr'><strong>caesaque</strong></span> <span class='ocrx_word' id='word_1_235' title='bbox 368 3775 510 3855; x_wconf 83' lang='lat' dir='ltr'><strong>virginea</strong></span> <span class='ocrx_word' id='word_1_236' title='bbox 523 3773 665 3835; x_wconf 86' lang='lat' dir='ltr'><strong>membra</strong></span> <span class='ocrx_word' id='word_1_237' title='bbox 679 3775 811 3853; x_wconf 85' lang='lat' dir='ltr'><strong>paterna</strong></span> <span class='ocrx_word' id='word_1_238' title='bbox 825 3773 947 3832; x_wconf 80' lang='lat' dir='ltr'><strong>manu?</strong></span> 
     </span>
    </p>
   </div>
   <div class='ocr_carea' id='block_1_3' title="bbox 162 3869 929 4054">
    <p class='ocr_par' dir='ltr' id='par_1_21' title="bbox 162 3869 929 4054">
     <span class='ocr_line' id='line_1_38' title="bbox 162 3869 929 3955; baseline -0.009 -20"><span class='ocrx_word' id='word_1_239' title='bbox 162 3873 211 3935; x_wconf 91' lang='lat' dir='ltr'><strong>Ut</strong></span> <span class='ocrx_word' id='word_1_240' title='bbox 225 3874 355 3955; x_wconf 90' lang='lat' dir='ltr'><strong>culpent</strong></span> <span class='ocrx_word' id='word_1_241' title='bbox 369 3873 435 3947; x_wconf 88' lang='lat' dir='ltr'><strong>alii,</strong></span> <span class='ocrx_word' id='word_1_242' title='bbox 452 3873 512 3934; x_wconf 90' lang='lat' dir='ltr'><strong>tibi</strong></span> <span class='ocrx_word' id='word_1_243' title='bbox 526 3891 579 3937; x_wconf 88' lang='lat' dir='ltr'><strong>me</strong></span> <span class='ocrx_word' id='word_1_244' title='bbox 590 3869 720 3930; x_wconf 68' lang='lat' dir='ltr'><strong>Indara</strong></span> <span class='ocrx_word' id='word_1_245' title='bbox 736 3889 857 3930; x_wconf 88' lang='lat' dir='ltr'><strong>necesse</strong></span> <span class='ocrx_word' id='word_1_246' title='bbox 871 3875 929 3942; x_wconf 88' lang='lat' dir='ltr'><strong>cst,</strong></span> 
     </span>
     <span class='ocr_line' id='line_1_39' title="bbox 202 3971 894 4054; baseline -0.009 -22"><span class='ocrx_word' id='word_1_247' title='bbox 202 3991 260 4053; x_wconf 88' lang='lat' dir='ltr'><strong>pro</strong></span> <span class='ocrx_word' id='word_1_248' title='bbox 275 3991 332 4054; x_wconf 77' lang='lat' dir='ltr'><strong>qu·</strong></span> <span class='ocrx_word' id='word_1_249' title='bbox 442 3975 447 3988; x_wconf 88' lang='lat'>&#39;</span> <span class='ocrx_word' id='word_1_250' title='bbox 477 3971 496 3988; x_wconf 88' lang='lat'><strong>&#39;&#39;</strong></span> <span class='ocrx_word' id='word_1_251' title='bbox 508 3989 548 4018; x_wconf 45' lang='grc' dir='ltr'><strong>π’</strong></span> <span class='ocrx_word' id='word_1_252' title='bbox 800 3986 894 4027; x_wconf 53' lang='lat' dir='ltr'><strong>eoens.</strong></span> 
     </span>
    </p>
   </div>
   <div class='ocr_carea' id='block_1_4' title="bbox 0 0 1486 4380">
    <p class='ocr_par' dir='ltr' id='par_1_22' title="bbox 0 0 1486 4380">
     <span class='ocr_line' id='line_1_40' title="bbox 0 0 1486 4380; baseline 0 0"><span class='ocrx_word' id='word_1_253' title='bbox 0 0 1486 4380; x_wconf 95' lang='lat' dir='ltr'><strong> </strong></span> 
     </span>
    </p>
   </div>
  </div>
 </body>
</html>
