2964 4380
205 250 246 317 54
364 219 366 223 v
396 250 424 294 P.
450 247 564 294 OVIDII
586 247 737 295 NASONIS
758 247 921 294 canum
943 247 1100 294 SELECTA.

200 401 307 462 Ausus
320 419 407 462 es-
421 419 439 460 o
454 398 538 461 iusto
551 399 667 460 desunt
681 419 738 460 sua
751 400 846 461 verba
859 400 975 462 dolori!
989 437 1031 448 -

240 517 334 560 ausus
347 516 380 558 es
395 496 570 557 ‘Aesonia’
588 496 690 558 dicere
707 497 801 558 ‘cede
812 498 945 574 domol’

200 595 289 657 Iussa
302 595 396 656 domo
410 593 497 668 cessi,
514 593 599 655 natis
612 593 762 656 comitata
776 595 899 656 duobus

239 696 282 767 et,
300 693 354 774 qui
369 712 419 754 ms
434 691 577 773 sequitur
591 711 723 772 semper,
742 712 847 754 amore
862 692 921 753 tui.

199 791 248 854 Ut
262 779 366 852 subito
380 793 503 851 nostras
517 790 645 870 Hymen
660 793 806 851 cantatus
820 790 857 851 ad
874 810 965 851 aures

240 887 338 962 venit,
355 890 388 948 et
401 907 529 948 accenso
543 887 703 967 lampades
716 886 790 968 igne
804 887 935 962 micant,

200 985 339 1066 tibiaque
354 984 492 1046 effundit
506 984 632 1046 socialia
646 984 786 1046 carmina
798 983 898 1057 uobis,

240 1087 274 1144 at
289 1082 368 1144 mihi
382 1083 514 1143 funerea
528 1081 680 1143 flebiliora
693 1082 781 1157 tuba,
1240 1084 1296 1144 110

200 1180 350 1263 pertimui
366 1200 424 1241 nec
437 1180 542 1241 adhuc
556 1183 684 1240 tantum
699 1179 798 1241 scelus
812 1199 876 1240 esse
890 1180 1057 1260 putabam:

182 1275 184 1282 ’
241 1277 294 1340 sed
310 1281 416 1338 tamen
430 1276 464 1338 in
479 1279 546 1338 toto
560 1279 686 1357 pectore
700 1277 804 1356 frigus
818 1280 893 1338 erat.

201 1376 309 1438 Turba
324 1377 424 1436 ruunt
438 1377 471 1435 et
487 1375 496 1404 ‘
508 1375 635 1454 Hymen
648 1374 656 1404 ’
673 1374 813 1436 clamant
829 1374 838 1402 ⁴
850 1372 1030 1454 Hymenaee
1042 1374 1050 1403 ’
1066 1374 1262 1454 frequentor:

242 1493 304 1554 quo
317 1471 446 1554 propior
459 1491 519 1533 vox
533 1471 620 1546 haec,
637 1471 697 1533 hoc
711 1471 791 1532 mihi
806 1471 896 1552 peius
910 1475 987 1533 erat.
1058 1548 1064 1558 ι

202 1569 326 1633 Diversi
340 1569 459 1632 flebant
472 1569 553 1633 servi
567 1569 773 1649 lacrimasque
787 1569 944 1648 tegebant.
1239 1572 1296 1630 145

243 1668 320 1744 Quis
335 1668 428 1730 vellet
442 1667 525 1727 tanti
540 1667 674 1728 nuntius
689 1686 753 1728 esse
768 1665 868 1727 mali?

203 1768 255 1829 Me
270 1785 403 1846 quoque,
421 1765 571 1846 quicquid
586 1767 663 1838 erat,
679 1763 786 1845 potius
801 1763 919 1826 nescire
934 1763 1076 1825 iuvabat:

242 1864 295 1926 sed
310 1866 472 1943 tamquam
487 1863 608 1935 scirem,
626 1880 715 1923 mens
728 1882 798 1924 mea
811 1860 912 1922 tristis
925 1864 1001 1923 erat.

203 1963 285 2024 (lum
300 1961 404 2022 minor
418 1980 435 2021 e
449 1958 554 2041 pueris
566 1994 609 2004 —
622 1959 648 2020 is
663 1963 783 2020 tractus
796 1979 902 2020 amore
917 1958 1045 2020 videndi

242 2057 386 2121 constitit
399 2058 439 2118 ad
453 2057 597 2136 geminas
612 2056 723 2117 limina
737 2056 840 2137 prima
853 2056 931 2118 ioris
944 2093 983 2103 -
1240 2059 1297 2118 150

205 2157 298 2217 ‘Huc
312 2153 404 2228 mihi,
421 2156 531 2229 mater,
549 2153 615 2216 adil
658 2154 812 2234 Pompam
826 2153 935 2234 pater’
951 2152 1057 2233 inquit
1074 2152 1185 2214 ‘Iason

243 2252 333 2314 ducit
347 2255 379 2314 et
392 2251 559 2313 adiunctos
572 2271 685 2313 aureus
699 2254 793 2330 urget
807 2252 926 2331 equos’

204 2350 354 2412 Protinus
367 2348 500 2410 abscissa
513 2349 621 2429 planxi
636 2368 705 2409 mea
718 2351 847 2428 pectora
860 2351 955 2421 veste,

242 2451 314 2509 tuta
327 2467 385 2508 nec
399 2467 418 2507 a
431 2446 540 2526 digitis
555 2466 609 2507 ora
621 2447 710 2507 fuere
725 2445 812 2506 meis.

196 2545 253 2607 .Ire
267 2544 393 2607 animus
407 2543 527 2606 mediae
541 2543 691 2604 suadebat
705 2542 739 2602 in
754 2543 881 2621 agmina
895 2544 1005 2603 turbae

243 2646 386 2722 sertaque
400 2641 581 2721 compositis
595 2641 719 2702 demere
734 2643 825 2720 rapta
839 2640 946 2701 comis.

203 2740 267 2801 Vix
282 2760 331 2800 me
346 2738 501 2812 continui,
519 2738 596 2818 quin
611 2738 654 2799 sic
670 2737 788 2799 laniata
801 2736 930 2817 capillos
994 2799 996 2804 ,

243 2838 425 2899 clamarem:
450 2836 561 2896 ‘Meus
575 2836 641 2896 est’
658 2835 870 2915 iniceremque
883 2854 1005 2896 manus.

204 2935 300 2996 Laese
314 2936 413 3014 pater,
430 2933 547 3011 gaude3
571 2931 681 2993 Colchi
696 2933 830 3011 gaudete
845 2930 962 2992 relicti!

244 3030 389 3104 Inferias,
407 3031 536 3090 umbrae
549 3029 667 3102 fratris,
686 3029 808 3102 habete,
825 3029 901 3090 mcil

205 3129 347 3202 Deseror,
364 3127 486 3190 amissis
500 3147 597 3207 regno
611 3127 774 3208 patriaque
790 3127 955 3207 domoque,

245 3226 390 3305 coningo,
408 3225 461 3306 qui
475 3225 565 3286 nobis
579 3224 686 3285 omnia
700 3224 783 3285 solus
797 3228 873 3284 erat.

206 3322 367 3404 Serpentis
381 3321 481 3402 igitur
495 3321 585 3402 potui
601 3324 768 3400 taurosque
782 3321 936 3392 furentes,

197 3455 199 3459 ·
244 3440 346 3480 unum
361 3440 426 3480 non
440 3419 530 3500 potui
544 3417 758 3499 perdomuisse
773 3417 886 3479 virum.

206 3518 354 3598 Quaeque
367 3517 451 3578 feros
464 3516 572 3596 pepuli
587 3515 688 3577 doctis
703 3513 911 3576 medicatibus
925 3512 1024 3592 ignes,

246 3635 312 3677 non
326 3615 414 3676 valeo
429 3614 570 3674 flammas
585 3614 723 3692 effugere
737 3613 805 3692 ipsa
820 3631 912 3672 meas.

205 3713 271 3794 Ipsi
286 3733 336 3774 me
351 3717 462 3774 cantus
476 3712 650 3792 herbaeque
666 3717 808 3790 artesque
823 3708 1023 3787 relinquunt3

245 3810 292 3871 nil
307 3811 376 3884 dea,
391 3810 439 3871 nil
455 3810 590 3872 Hecates
604 3827 689 3870 sacra
703 3806 843 3888 potentis
857 3809 967 3884 agunt.

206 3909 238 3970 N
240 3928 281 3970 on
295 3909 374 3969 mihi
389 3911 479 3988 grata
492 3908 569 3982 dies,
586 3909 694 3968 noctes
708 3904 884 3984 vigilantur
897 3921 1031 3975 amarae,

246 4010 278 4068 et
293 4010 380 4068 tener
394 4027 413 4068 a
427 4006 540 4068 misero
554 4008 679 4086 pectore
693 4021 821 4064 somnus
836 4001 910 4062 abit.
