2964 4380
276 255 422 301 PERSEUS
445 253 520 300 AND
543 254 794 301 Aruas-cusas
817 255 891 300 ANB
914 255 1138 300 Paosuarmn.
1225 254 1261 299 21

159 405 225 467 siva
238 425 271 468 es
285 406 416 468 mirator
430 425 548 480 rerum,
565 406 717 468 mirabere
731 411 862 468 nostras.

159 502 346 583 Hospitium
361 503 562 584 requiemque
576 503 675 584 peto'
720 503 842 564 Memor
856 503 909 565 ille
924 506 1066 566 vetustae

159 601 253 662 sortis
267 606 348 662 erat:
371 601 501 664 Themis
514 600 597 662 hanc
611 601 740 662 dederat
756 601 905 664 Parnasia
919 605 1050 664 sortem:

161 699 331 780 ‘Tempua
348 699 435 773 Atla‚
452 699 568 772 veniet,
587 703 641 760 tua
656 719 717 779 quo
732 699 919 779 spoliabitur
932 720 1010 761 auro

158 796 261 870 arbor,
275 801 307 857 et
321 796 408 858 hunc
422 798 554 878 praedae
569 797 701 857 titulum
717 779 791 858 Iove
805 801 899 859 natus
913 797 1066 859 habebit’
1200 801 1258 861 645

240 894 279 954 Id
295 897 438 955 metuens
453 893 560 955 solidis
574 894 715 974 pomaria
729 894 883 956 clauserat
897 894 989 956 Atlas

158 990 324 1051 moenibus
338 994 370 1052 et
384 994 470 1052 vasto
485 991 616 1052 dederat
629 991 781 1052 servanda
795 990 923 1052 draconi

158 1088 345 1168 arcebatque
359 1087 424 1149 suis
438 1092 582 1150 externos
596 1088 713 1149 finibus
727 1107 845 1149 omues.

159 1183 247 1246 Huic
261 1205 385 1266 quoque
401 1185 509 1247 ‘Vade
524 1186 645 1267 procul,
662 1205 702 1247 ne
715 1186 810 1264 longe
824 1185 924 1265 gloria
937 1205 1055 1260 rerum,
1078 1215 1081 1222 ·

159 1302 254 1362 quam
270 1283 433 1344 mentiris’
449 1283 504 1357 ait,
524 1283 637 1362 ‘longe
651 1283 710 1344 tibi
725 1282 872 1363 Iuppiter
885 1283 967 1344 absit
978 1283 1002 1358 '3
1200 1289 1259 1346 650

66 1427 70 1432 .
159 1379 289 1460 vimque
302 1381 398 1442 minis
412 1381 502 1442 addit
516 1380 724 1460 manibusque
738 1381 893 1460 expellere
908 1384 1045 1461 temptat

159 1482 364 1540 cunctantem
380 1482 412 1540 et
427 1479 558 1558 placidis
572 1479 756 1540 miscentem
772 1477 869 1539 fortia
882 1478 988 1539 dictis.

159 1574 291 1637 Viribus
305 1575 438 1637 inferior
454 1575 539 1657 (quis
553 1575 637 1637 enim
652 1595 710 1655 par
724 1579 803 1636 esset
817 1575 959 1636 Atlantis

160 1671 281 1735 viribus
290 1674 319 1752 t)
338 1673 403 1733 ‘At
417 1672 566 1753 quoniam
581 1673 671 1754 parvi
685 1672 744 1734 tibi
759 1672 861 1751 gratia
875 1675 983 1734 nostra
999 1676 1056 1747 est,

159 1769 267 1850 accipe
281 1770 417 1831 munus’
433 1771 489 1843 ait,
505 1771 653 1850 laevaque
668 1789 687 1831 a
705 1773 795 1850 parto
810 1770 958 1832 Medusae
1200 1776 1258 1834 655

160 1867 227 1948 ipse
241 1870 432 1929 retroversus
446 1868 621 1948 squalentia
635 1867 771 1949 protulit
784 1887 847 1928 ora.

161 1964 306 2039 erautus
321 1970 397 2039 erat,
415 1986 505 2026 mons
519 1967 624 2027 factus
637 1966 744 2026 Atlas:
767 1985 840 2026 uam
855 1965 950 2027 barba
964 1984 1143 2048 comaeque,

160 2063 194 2123 in
210 2062 302 2124 silvas
316 2063 444 2136 abeunt,
462 2063 536 2142 iuga
550 2067 625 2124 sunt
639 2062 803 2143 umorique
817 2083 1002 2144 manusque,

160 2161 245 2240 quod
261 2164 356 2241 caput
370 2164 443 2222 ante
458 2160 532 2234 fuit,
550 2180 674 2222 summo
688 2165 735 2222 est
750 2160 783 2221 iu
799 2164 906 2222 moute
921 2181 1082 2235 cacumen,

159 2279 229 2319 ossa
241 2259 322 2339 lapis
337 2259 433 2320 fiunt:
456 2263 525 2319 turn
541 2262 645 2338 partes
659 2262 770 2319 auctus
785 2258 818 2318 in
834 2277 942 2320 omues
1201 2264 1259 2321 660

159 2355 260 2416 crevit
273 2355 306 2416 in
321 2355 500 2416 inmensum
517 2354 576 2433 (sic
590 2355 623 2415 di
639 2354 820 2434 statuistis),
837 2359 869 2416 et
884 2375 976 2416 omne

159 2471 234 2512 cum
249 2455 298 2513 tot
312 2450 466 2514 sideribus
480 2450 602 2512 caelum
617 2450 771 2531 requievit
785 2451 818 2512 in
833 2451 898 2514 illo.

364 2779 394 2838 8.
437 2775 585 2839 OERES
609 2777 709 2838 AND
738 2777 1054 2842 PROSERPINA.

223 2969 301 3013 ΜΕΤ.
318 2969 351 3014 v.
370 2957 520 3042 38¹5-4os,
538 2959 689 3026 eas-445,
707 2960 857 3030 esa-463,
875 2961 1026 3029 ere-538,
1044 2961 1194 3022 ose-571.

244 3129 340 3193 Haud
355 3133 465 3211 procul
478 3131 642 3194 Hennaeis
656 3133 742 3194 lacus
756 3137 803 3195 ast
816 3155 834 3195 a
849 3135 1013 3196 moenibus
1027 3137 1119 3209 altae,
1201 3139 1260 3198 385

161 3226 291 3289 nomine
306 3229 435 3306 Pergus,
453 3249 562 3308 aquae.
606 3229 680 3290 Non
694 3230 750 3291 illo
769 3231 861 3311 plura
877 3231 1021 3312 Caystros

161 3324 303 3386 carmina
317 3345 487 3405 cycnorum
502 3326 681 3388 labentibus
694 3327 784 3389 audit
798 3327 832 3388 in
847 3330 950 3390 undis.

162 3422 250 3483 Silva
262 3426 393 3484 coronat
406 3443 502 3504 aquas
516 3423 647 3504 cingens
661 3425 744 3485 latus
758 3445 861 3499 omno,
878 3427 1004 3506 suisque

161 3519 331 3582 frondibus
344 3525 383 3581 ut
397 3521 465 3582 velo
480 3521 639 3583 Phoebeos
653 3523 816 3584 submovet
830 3522 921 3584 ictus.

162 3617 296 3696 Frigora
310 3619 389 3680 dant
402 3619 493 3693 rami,
511 3618 622 3699 Tyrios
636 3619 754 3680 humus
774 3620 882 3681 umida
897 3621 1001 3682 fiores:
1204 3624 1264 3683 390

161 3720 354 3795 perpetuum
370 3736 423 3778 ver
438 3721 495 3778 est.
534 3716 602 3791 Quo
617 3717 695 3777 dum
711 3717 896 3798 Proserpina
911 3719 983 3780 luco

162 3812 249 3874 ludit
262 3816 295 3874 et
309 3818 366 3876 aut
379 3815 476 3876 violas
490 3819 547 3876 aut
561 3815 696 3876 candida
709 3816 777 3876 lilia
791 3816 903 3897 carpit,

163 3911 305 3992 dumque
318 3912 453 3992 puellari
469 3911 575 3974 studio
591 3912 791 3993 calathosque
807 3914 974 3993 sinumque

163 4007 278 4088 implet
291 4011 324 4070 ot
336 4009 480 4090 aequales
494 4012 594 4070 certat
608 4028 754 4089 superare
768 4009 911 4087 legendo,
