2964 4380
459 629 505 714 P.
545 628 726 711 OVIDH
764 627 1006 712 NASONIS

227 1031 231 1040 ¹
305 877 707 1032 annilina
768 877 1157 985 suasore.

612 1125 844 1134 ——-—

409 1277 450 1324 11.
484 1276 604 1323 FROM
626 1277 709 1323 THE
732 1275 868 1324 MINOR
890 1275 1045 1323 WORKS.

392 1435 420 1496 1.
459 1434 719 1497 PENELOPE
756 1434 812 1497 TO
855 1433 1065 1497 ULYSSES.

675 1616 756 1662 ΗΕΒ.
782 1617 807 1660 Ι.

184 1731 348 1794 Henetus
363 1729 517 1811 Penelope
531 1730 618 1792 lento
632 1730 691 1792 tibi
706 1731 819 1805 mittit,
836 1730 946 1792 Ulixe:

223 1829 270 1889 nil
285 1826 363 1888 mihi
381 1827 539 1901 rescribas,
557 1831 697 1889 attamen
713 1828 778 1908 ipse
792 1828 873 1890 veni.

184 1926 280 1988 Troia
294 1925 374 1986 iacet
388 1928 482 1998 certe,
501 1925 618 1986 Danais
632 1925 734 1988 invisa
748 1926 876 2006 puellis:

223 2023 277 2085 vix
292 2023 438 2085 Priamus
451 2022 534 2083 tanti
549 2027 677 2104 totaque
692 2023 787 2085 Troia
800 2023 875 2084 fuit.

185 2121 212 2184 Ο
227 2113 352 2183 utinam
366 2124 448 2194 tum,
465 2140 538 2181 cum
553 2121 788 2182 Lacedaemona
801 2122 896 2182 classe
909 2119 1047 2200 petebat,

223 2219 356 2280 obrutus
370 2217 489 2279 insanis
503 2221 582 2278 esset
595 2218 721 2280 adulter
734 2219 836 2298 aquis!

184 2315 259 2377 Non
273 2335 331 2396 ego
345 2316 467 2376 deserto
481 2314 644 2376 iacuissem
659 2315 778 2395 frigida
790 2316 883 2388 lecto,

224 2433 289 2474 non
304 2432 449 2493 quererer
462 2413 569 2474 tardos
582 2413 628 2473 ire
642 2412 752 2474 relicta
765 2413 842 2491 dies,

184 2531 242 2572 neo
255 2510 335 2571 mihi
351 2509 513 2591 quaerenti
528 2510 695 2591 spatiosam
709 2511 818 2571 tallere
833 2513 958 2570 noctem

223 2609 365 2669 lassasset
379 2607 490 2668 viduas
502 2608 642 2687 pendula
656 2608 719 2669 tela
732 2627 855 2668 manus.

185 2706 318 2780 Quando
333 2724 390 2784 ego
405 2724 469 2766 non
484 2703 578 2764 timui
593 2705 735 2784 graviora
748 2705 889 2784 pericula
902 2704 1006 2766 veris?

225 2803 286 2864 Res
299 2805 347 2864 est
360 2801 486 2863 solliciti
501 2803 594 2883 plena
608 2802 731 2863 timoris
744 2822 843 2864 amor.

185 2899 226 2961 In
239 2903 271 2961 te
285 2900 442 2980 fingebam
457 2899 610 2961 violentos
625 2900 722 2960 Troas
736 2900 846 2974 ituros,

224 2997 353 3059 nomine
367 2997 402 3057 in
417 2995 572 3058 Hectoreo
587 2997 706 3078 pallida
720 3017 842 3078 semper
856 3017 953 3058 eram.
1000 3049 1001 3054 ,

186 3093 257 3156 Sive
271 3094 341 3175 quie
355 3094 565 3155 Antilochum
579 3095 727 3155 narrabat
741 3095 780 3156 ab
795 3095 932 3155 Hectore
946 3093 1078 3166 victum,
1128 3133 1134 3143 x

225 3191 416 3253 Antilochus
431 3191 530 3253 nostri
544 3212 638 3254 causa
651 3191 774 3254 timoris
788 3195 869 3253 erat:

185 3289 249 3352 sive
264 3289 485 3351 Menoetiaden
500 3290 587 3351 falsis
602 3290 748 3351 cecidisse
763 3291 820 3351 sub
835 3289 940 3362 armis,

225 3387 337 3448 flebam
352 3407 494 3448 successu
509 3407 598 3468 posse
612 3407 715 3448 carcre
730 3387 827 3448 dolos.

186 3483 346 3564 Sanguine
361 3484 563 3564 Tlepolemus
578 3485 706 3565 Lyciam
722 3485 912 3564 tepefecerat
922 3484 1061 3545 hastam:

226 3581 401 3662 Tlepolemi
415 3582 478 3643 leto
493 3599 569 3643 eura
581 3585 697 3643 novata
711 3602 781 3642 mea
795 3585 850 3643 est.

186 3678 342 3760 Denique,
360 3679 501 3760 quisquis
515 3683 582 3741 erat
596 3679 705 3741 castris
719 3679 883 3759 iugulatus
897 3679 1038 3749 Achivis,

225 3777 374 3856 frigidius
389 3778 487 3857 glacie
501 3787 611 3858 pectus
626 3777 761 3838 amantis
776 3781 853 3838 erat.

186 3874 248 3937 Sed
262 3875 341 3936 bene
355 3875 516 3937 consuluit
530 3879 615 3938 casto
629 3876 707 3936 deus
720 3895 839 3954 aequus
853 3873 967 3935 amori:

225 3992 314 4035 versa
328 3972 424 4036 estin
438 3972 557 4036 cineres
571 3972 686 4055 sospite
701 3972 796 4034 Troia
810 3970 886 4033 viro.
901 4043 905 4049 ¹
