2964 4380
208 241 251 288 20
407 240 434 284 P.
460 241 574 286 OVIDII
597 241 747 286 NASONIS
768 240 931 286 clamne
953 241 1108 287 suasori.

207 391 259 450 Ad
275 409 390 452 nomen
405 389 539 451 Thisbes
553 391 660 452 oculos
674 390 737 452 iam
752 395 853 452 morte
867 395 1013 470 gravatos

207 488 360 568 Pyramus
374 488 484 562 erexit,
502 486 629 569 visaque
644 488 822 550 recondidit
836 488 900 549 illa.

287 585 373 660 Quae
388 591 555 667 postquam
571 589 751 666 vestemque
765 606 854 647 suam
868 585 1017 666 cognovit
1031 590 1064 648 et
1077 606 1150 648 ense

205 683 288 744 vidit
301 683 379 744 ebur
393 703 539 757 vacuum,
559 684 648 744 ‘Tua
663 688 694 745 te
709 684 841 746 manus’
858 683 965 764 inquit
981 685 1150 765 ‘amorque

206 781 356 862 perdidit,
374 781 498 843 infelix.
542 782 600 842 Est
614 785 646 842 et
661 782 740 842 milri
754 781 848 842 fortis
862 780 897 841 in
912 801 1014 842 unum
1081 809 1094 819 ·

206 879 266 940 hoo
280 899 404 952 manus,
420 883 468 940 est
482 883 514 940 et
527 899 629 940 amor:
652 879 740 940 dabit
754 879 807 940 hie
821 879 855 940 in
871 879 1003 941 vulnera
1016 879 1107 941 vires.
1247 883 1306 941 150

207 977 379 1056 Persequar
392 975 586 1037 exstinctum
601 976 719 1057 letique
734 976 909 1038 miserrima
923 977 1011 1038 dioar

206 1094 298 1136 causa
313 1094 477 1154 comesque
492 1073 555 1149 tui;
579 1074 696 1154 quique
711 1095 729 1134 a
743 1094 793 1135 ma
808 1079 909 1135 morte
923 1074 1031 1136 revelli

206 1171 267 1232 heu
283 1172 348 1232 sola
361 1175 495 1252 poteras,
512 1171 630 1251 poteris
646 1191 702 1232 neo
717 1176 819 1232 morte
832 1171 950 1233 revelli.

289 1268 379 1329 ‘Hoo
394 1274 500 1330 tamen
514 1269 678 1330 amborum
691 1269 792 1330 verbis
806 1272 906 1330 estote
920 1269 1034 1350 rogati,

207 1384 225 1427 ο
239 1365 377 1426 multum
392 1365 498 1427 miseri
513 1386 603 1427 meus
617 1365 766 1446 illiusque
782 1371 940 1446 parentes,

206 1466 244 1523 ut
259 1483 336 1543 quos
349 1467 454 1524 certus
468 1483 566 1537 amor,
583 1482 661 1543 quos
675 1463 753 1524 hora
767 1463 936 1525 novissima
951 1463 1067 1538 iunxit,

206 1561 352 1641 componi
369 1560 493 1621 tumulo
508 1581 572 1622 non
587 1560 755 1622 invideatis
770 1561 890 1622 eodem.

207 1657 252 1718 At
266 1661 302 1718 tu
318 1678 397 1739 quae
412 1657 507 1720 ramis
520 1659 612 1719 arbor
627 1659 801 1720 miserabile
816 1678 930 1738 eorpus

208 1775 293 1817 nuno
311 1755 388 1836 togis
401 1755 508 1829 unius,
525 1776 598 1816 mox
613 1775 645 1816 es
660 1759 783 1817 tectura
797 1757 945 1829 duorum,

207 1853 296 1933 signa
310 1857 383 1914 tene
397 1854 500 1915 caedis
514 1853 679 1934 pullosque
694 1857 726 1914 et
740 1854 879 1915 luotibus
893 1858 984 1934 aptos

206 1971 328 2031 semper
342 1950 531 2023 hebetatus,
548 1950 667 2030 gemini
683 1951 879 2012 monimenta
894 1950 1038 2012 cruoris.’

186 2113 190 2120 .
287 2048 389 2120 Dixit,
406 2052 438 2109 et
452 2052 559 2128 aptato
573 2051 685 2129 pectus
699 2069 850 2110 mucrone
865 2050 922 2110 sub
937 2049 1039 2109 imum

207 2145 354 2207 incubuit
368 2146 461 2219 ferro,
480 2147 563 2227 quod
578 2147 683 2208 adhue
697 2168 715 2208 a
729 2148 822 2208 caede
838 2148 972 2227 tepebat.

207 2244 291 2305 Vota
304 2249 410 2306 tamen
425 2243 557 2323 tetigere
571 2245 655 2316 deos,
674 2245 806 2324 tetigere
824 2248 984 2326 parentes:

207 2360 280 2402 narn
296 2340 381 2402 oolor
394 2341 426 2401 in
442 2361 536 2421 pomo
550 2345 607 2415 est,
625 2341 679 2402 ubi
694 2342 917 2422 permaturuit,
935 2345 1012 2412 ater,

207 2438 352 2522 quodque
367 2437 450 2519 rogis
465 2444 614 2519 superest,
633 2458 698 2499 una
712 2438 879 2518 requiescit
894 2439 927 2498 iu
942 2457 1031 2500 urna.

458 2766 486 2829 7.
524 2763 740 2827 Pulsanda
765 2763 865 2824 AND
893 2762 1056 2826 ATLAS.

598 2959 674 3004 uns.
694 2959 741 3003 1v.
761 2945 909 3003 aar-662.

288 3119 350 3182 Hie
364 3118 531 3182 hominum
547 3120 669 3181 eunetis
685 3119 809 3199 ingenti
824 3138 952 3199 eorpore
966 3121 1127 3198 praestans

208 3219 419 3300 Iapetionides
433 3220 524 3280 Atlas
537 3219 613 3280 fuit.
657 3218 782 3280 Ultima
797 3219 891 3279 tellus

208 3336 280 3396 rege
294 3317 352 3377 sub
367 3317 426 3377 hoo
440 3321 472 3378 et
486 3321 603 3396 pontus
617 3321 694 3389 erat,
713 3316 766 3396 qni
783 3316 863 3377 Solis
878 3314 1000 3377 anhelis

207 3433 341 3493 aequora
356 3415 463 3475 subdit
477 3415 565 3494 equis
581 3419 612 3474 et
627 3415 723 3475 fessos
738 3413 856 3494 exeipit
871 3433 952 3474 axes.

289 3511 377 3573 Mille
391 3532 502 3592 greges
516 3511 562 3572 illi
578 3512 774 3593 totidemque
788 3514 932 3573 armenta
945 3530 1002 3590 per
1016 3509 1128 3572 herbas

208 3610 366 3682 errabant,
383 3613 414 3670 et
430 3610 564 3670 humum
580 3609 696 3671 vicinia
710 3611 799 3671 nulla
813 3609 1008 3688 premebant.

208 3706 365 3768 Arboreae
379 3707 508 3768 frondes
522 3727 598 3768 auro
613 3707 756 3769 radiante
772 3706 911 3770 nitentes

208 3824 246 3865 ex
260 3824 337 3866 auro
351 3823 463 3878 ramos,
480 3825 518 3866 ex
533 3824 608 3865 auro
623 3825 717 3885 poma
733 3804 889 3885 tegebant.

211 3901 378 3982 ‘Hospes'
395 3901 440 3962 ait
455 3903 585 3963 Perseus
600 3901 659 3975 illi,
679 3901 751 3963 ‘seu
769 3901 870 3982 gloria
885 3899 989 3980 tangit

209 4007 240 4060 te
254 3997 378 4079 generis
392 3998 510 4078 magni,
528 3999 650 4078 generis
665 3999 743 4061 mibi
763 3999 908 4080 Iuppiter
922 4001 1046 4074 arrct0r3
1252 4000 1311 4058 640
