2964 4380
438 227 593 272 DEFENSE
615 226 656 271 or
678 225 893 272 ponar-mn
915 227 1058 274 PARROT.

201 378 286 441 Vilia
300 378 434 440 miretur
448 379 578 459 vulgus:
601 377 680 439 milri
695 378 795 440 flavus
810 378 926 459 Apollo

242 477 356 558 poeula
371 475 508 538 Castalia
522 476 617 556 plena
630 475 792 537 ministret
806 495 897 557 aqua,

200 574 435 654 sustineamque
450 592 539 634 eorna
553 577 748 634 metuentem
763 573 883 651 frigora
896 577 1048 655 myrtum,

241 676 335 751 atque
350 670 395 732 ita
409 670 546 732 sollicito
560 670 682 731 multus
696 673 822 731 amante
837 670 935 750 legar.

202 769 346 830 Pascitur
360 769 394 830 in
409 769 488 830 vivis
505 769 614 830 Livor:
636 769 789 848 postiam
804 767 946 850 quiescit,

241 887 314 928 oum
330 887 405 928 suus
419 888 458 928 ex
472 867 585 928 merito
600 887 757 947 quemque
771 869 881 928 tuetur
896 867 1004 929 honos.

202 965 288 1044 Ergo
302 964 398 1025 etiam
413 985 488 1026 oum
503 985 552 1025 mo
567 983 733 1045 supremus
747 964 889 1026 adederit
903 964 996 1043 ignis,

242 1060 357 1136 vivam,
373 1080 507 1142 parsque
521 1061 584 1122 mei
598 1061 702 1122 multa
716 1065 872 1142 superstes
886 1061 958 1122 erit.

399 1395 426 1453 6.
465 1390 633 1453 ELEGY
668 1391 733 1452 ΟΝ
770 1392 867 1452 THE
901 1391 1100 1455 PARROT.

664 1585 724 1630 nn.
743 1587 784 1630 11.
802 1576 830 1632 6.

203 1748 373 1824 Psittacus,
390 1748 466 1810 Eois
480 1746 637 1809 imitatrix
650 1747 715 1809 ales
728 1748 767 1809 ab
781 1748 882 1824 Indis,

243 1846 374 1908 oceidit:
396 1843 557 1927 exsequias
571 1844 616 1906 ite
630 1844 823 1925 frequenter,
840 1867 919 1908 aves.

203 1944 263 2018 Ite,
281 1944 351 2025 piae
364 1945 516 2019 volueres,
533 1946 566 2004 et
580 1942 722 2022 plangite
737 1948 863 2023 pectora
876 1944 1000 2024 pennis,

243 2045 276 2102 et
290 2041 393 2121 rigido
408 2047 530 2102 teneras
544 2059 652 2120 ungue
667 2044 774 2102 notate
788 2061 893 2122 genas.

203 2139 344 2200 Horrida
357 2159 416 2220 pro
429 2138 556 2200 maestis
569 2137 709 2200 lanietur
723 2138 833 2220 pluma
847 2139 982 2220 capillis3

243 2257 302 2318 pro
315 2237 411 2317 longa
424 2240 572 2298 resonent
585 2235 727 2298 earmina
740 2241 843 2298 vestra
856 2237 944 2298 tuba.

205 2333 289 2410 Quid
304 2335 404 2396 scelus
418 2333 542 2396 Ismarii
556 2333 705 2415 quereris,
724 2334 909 2408 Philomela,
926 2333 1079 2414 tyranni?

246 2431 383 2512 Expleta
396 2435 444 2493 est
458 2431 550 2493 annis
563 2431 624 2492 ista
638 2432 764 2511 querela
777 2432 852 2493 suis.

205 2529 302 2590 Alitis
317 2529 350 2589 in
366 2549 453 2590 rarae
468 2529 617 2590 miserum
632 2529 794 2591 devertere
808 2531 917 2591 funus.

247 2626 374 2705 Magna,
391 2626 442 2688 sed
458 2625 582 2707 antiqui
597 2646 690 2687 eausa
704 2626 820 2687 doloris
834 2626 910 2706 Itys.

207 2722 334 2797 Omnes;
352 2744 430 2804 qnae
444 2723 567 2804 liquido
580 2722 703 2784 libratis
717 2723 751 2784 in
766 2729 836 2785 aere
851 2743 969 2800 cursus,

246 2824 282 2880 tu
297 2824 404 2882 tamen
419 2824 492 2882 unte
507 2820 593 2894 alias,
612 2824 719 2880 turtur
733 2820 842 2894 amice,
860 2820 941 2881 dolo.

207 2917 306 2978 Plena
319 2918 385 2979 fuit
399 2917 487 2979 vobis
500 2917 587 2978 omni
602 2917 771 2978 eoncordia
784 2918 860 2991 vita,

247 3017 280 3076 et
294 3014 384 3076 stetit
397 3015 437 3076 ad
453 3015 548 3076 linem
563 3014 658 3094 longa
673 3017 828 3096 tenaxque
843 3016 929 3076 fides.

207 3112 299 3186 Quod
313 3111 379 3173 init
392 3111 542 3191 Argolico
556 3110 678 3173 invenis
693 3111 835 3173 Phoceus
850 3111 990 3185 Orestae,

246 3209 306 3271 hoo
322 3209 391 3283 tibi,
408 3210 487 3270 dnm
501 3209 604 3282 liouit,
621 3209 765 3290 psittaco,
782 3215 890 3270 turtur
904 3213 980 3270 erat.

207 3306 292 3381 Quid
306 3311 413 3368 tamen
427 3307 590 3387 istalfides,
607 3306 684 3388 quid
698 3305 760 3368 rari
775 3307 878 3368 torma
891 3306 1013 3379 eoloris,

248 3403 325 3484 qnid
339 3424 400 3466 vox
414 3404 577 3466 mutandis
591 3403 754 3484 ingeniosa
767 3403 861 3478 sonis,

207 3501 284 3582 qnid
299 3501 399 3575 iuvat,
416 3505 454 3563 ut
468 3502 561 3563 datus
575 3521 617 3576 es,
635 3504 759 3562 nostrae
773 3500 927 3581 placuisse
945 3501 1093 3581 puellae?

247 3597 366 3660 Infelix
381 3598 488 3660 avium
503 3598 614 3679 gloria,
632 3617 746 3679 nempe
761 3597 848 3660 iaoes.

207 3694 258 3756 Tu
273 3699 397 3777 poteras
411 3695 539 3776 fragiles
552 3695 666 3776 pennis
680 3694 826 3757 hebetare
841 3696 1033 3773 zmaragdos,

247 3793 349 3854 tiuota
363 3813 474 3873 gerens
487 3794 584 3855 rubro
598 3791 720 3854 Puuioa
734 3798 834 3854 rostra
848 3812 947 3854 orooo.

207 3890 281 3952 Non
297 3890 363 3951 ruit
377 3891 411 3951 in
427 3891 519 3952 terris
533 3911 644 3953 vocum
661 3889 861 3951 simulantior
874 3891 952 3950 ales:

193 4042 200 4057 ,
249 3987 400 4050 reddebas
414 3988 517 4050 blaeso
533 3992 597 4050 tam
612 3987 691 4049 bene
705 3987 800 4050 rerba
814 4006 899 4051 sono.
