2964 4380
205 201 245 268 50
403 204 431 247 Ρ.
457 202 572 248 OVIDII
594 201 747 248 NASONIS
769 203 930 250 canum
953 205 1108 253 SELECTA.

207 353 262 429 Di,
279 373 400 435 precor,
417 353 477 415 hoc
491 353 631 426 iubeant,
648 357 687 414 ut
701 354 851 415 euntibus
866 356 977 418 ordine
990 358 1066 418 latis

246 451 301 513 ille
315 471 400 513 meos
414 451 521 513 oculos
535 451 724 531 conprimat,
741 451 795 513 ille
810 456 891 513 tuos.

206 550 277 611 Hac
291 548 417 610 faciunt
430 552 595 629 custosque
610 549 706 610 boum
720 548 933 630 longaevaque
947 551 1069 626 nutrix,

248 647 361 709 tertius
376 647 549 708 inmundae
563 666 639 708 cura
653 647 754 708 fidelis
769 647 873 708 harae.

208 743 269 806 Sed
284 763 386 825 neque
401 744 539 818 Laertes,
555 747 593 804 ut
608 743 662 825 qui
677 743 719 804 sit
733 743 859 805 inutilis
872 746 979 818 armis,

246 841 390 904 hostibus
404 841 438 902 in
454 841 565 902 mediis
580 861 676 921 regna
690 845 796 903 tenere
810 846 925 922 potest,

207 938 395 1000 Telemacho
409 939 525 1011 veniet,
542 938 628 1000 vivat
642 939 747 1012 modo,
764 939 878 1000 fortior
891 943 990 1001 aetas:

246 1055 334 1097 nunc
349 1040 416 1097 erat
429 1035 555 1098 auxiliis
569 1035 625 1096 illa
638 1037 757 1097 tuenda
772 1035 881 1116 patris.

206 1153 265 1194 nec
279 1133 359 1193 mihi
374 1137 450 1194 sunt
464 1133 544 1195 vires
559 1133 703 1195 inimicos
717 1135 833 1213 pellere
847 1134 954 1194 tectis:

247 1234 283 1290 tu
298 1230 393 1292 citius
406 1230 523 1304 venias,
540 1233 651 1310 portus
665 1235 696 1292 et
711 1250 788 1292 aura
801 1231 880 1292 tuis!

208 1328 266 1388 Est
281 1327 350 1401 tibi,
368 1328 481 1408 sitque,
498 1347 618 1408 precor,
635 1331 761 1407 gnatae,
780 1328 832 1409 qui
848 1328 996 1390 mollibus
1010 1329 1102 1389 annis

247 1425 281 1485 in
295 1426 413 1505 patrias
427 1428 509 1486 artes
523 1424 716 1486 erudiendus
729 1429 806 1486 erat.

207 1523 338 1603 Respice
353 1524 499 1596 Laerten,
516 1522 631 1583 utiam
646 1542 702 1583 sua
715 1523 838 1584 lumina
852 1525 983 1585 condas:

247 1624 425 1681 extremum
439 1620 498 1681 fati
513 1620 649 1681 sustinet
663 1620 715 1682 ille
730 1620 825 1682 diem.

208 1718 300 1780 Certe
315 1738 382 1796 ego,
400 1737 479 1799 quae
493 1719 615 1779 fueram
632 1720 663 1778 te
678 1717 858 1779 discedente
872 1718 988 1799 puella,

247 1814 394 1896 protinus
408 1818 446 1876 ut
461 1815 575 1890 venias,
594 1815 679 1876 sacta
694 1814 822 1876 videbor
836 1835 925 1877 anus.

498 2153 527 2211 1.
566 2149 728 2210 ΜΕΒΕΑ
769 2151 825 2212 ΤΟ
858 2153 1017 2214 JASON.

671 2344 839 2391 1111111111.

207 2507 254 2568 At
268 2505 326 2568 tibi
342 2505 543 2580 Colchorum,
560 2504 703 2579 memini,
721 2505 830 2584 regina
848 2507 962 2580 vacavi,

247 2624 297 2665 ars
311 2624 381 2666 mea
394 2623 468 2665 cum
482 2606 603 2683 peteres
617 2606 655 2662 ut
669 2602 727 2662 tibi
742 2603 840 2664 ferret
855 2608 961 2684 opem!

207 2702 300 2763 Tunc
315 2721 394 2782 quae
408 2700 592 2780 dispensant
606 2699 753 2761 mortalia
766 2701 834 2762 fata
847 2721 966 2762 sorores

246 2799 422 2860 debuerant
435 2799 522 2859 fusos
536 2797 688 2859 evoluisse
702 2816 802 2873 meos;

207 2899 277 2958 tum
292 2895 383 2977 potui
398 2895 510 2956 Medea
523 2893 603 2956 mori
619 2895 707 2956 bene.
753 2894 910 2974 Quicquid
924 2895 963 2956 ab
977 2894 1033 2956 illo

246 2993 384 3074 produxi
398 2993 498 3054 vitam
512 3003 665 3072 tempore,
681 3012 783 3073 poena
797 2992 871 3053 fuit.

207 3092 248 3153 Ei
262 3091 357 3152 mihil
380 3111 438 3152 cur
451 3111 603 3170 umquam
618 3089 815 3152 iuvenalibus
829 3093 899 3150 acta
911 3089 1037 3150 lacertis

247 3189 416 3250 Phrixeam
432 3189 526 3269 petiit
541 3187 642 3248 Pelias
656 3188 749 3249 arbor
763 3189 878 3249 ovem?

208 3286 274 3348 Our
288 3306 440 3366 umquam
457 3284 567 3346 Colchi
583 3285 769 3364 Magnetida
782 3285 920 3346 vidimus
934 3284 1033 3364 Argo,

246 3383 402 3463 turbaque
417 3383 600 3445 Phasiacam
616 3381 710 3444 Graia
724 3381 846 3443 bibistis
860 3384 999 3463 aquam?

208 3480 273 3542 Our
288 3479 368 3541 mihi
382 3481 455 3561 plus
468 3500 567 3560 aequo
581 3478 654 3541 flavi
668 3480 813 3560 placuere
828 3478 935 3560 capilli

246 3581 279 3641 et
292 3579 388 3640 decor
402 3583 435 3640 et
448 3578 576 3657 linguae
590 3578 693 3658 gratia
707 3578 781 3638 ficta
797 3579 892 3639 tuae?

206 3677 275 3738 Aut
290 3676 386 3737 semel
401 3675 435 3736 in
449 3679 572 3738 nostras
586 3674 735 3754 quoniam
750 3695 832 3736 nova
845 3674 962 3756 puppis
976 3674 1107 3736 harenas

246 3777 377 3836 venerat
390 3774 517 3836 audacis
531 3773 744 3852 attuleratque
758 3772 852 3847 viros,

206 3874 280 3936 isset
294 3872 458 3935 anhelatos
472 3892 536 3934 non
551 3870 801 3953 praemedicatus
815 3869 850 3930 in
864 3869 952 3949 ignes

248 3971 404 4034 inmemor
417 3970 589 4033 Aesonides
604 3987 718 4050 oraque
732 3968 774 4030 ad
788 3970 860 4029 usta
874 3967 985 4028 boumt
