2964 4380
518 240 697 287 PHILEMON
721 241 796 286 AND
820 240 951 285 BAUCIS.

111 442 118 458 .
183 393 334 455 Vestibus
347 392 435 454 lrunc
450 391 566 466 velant,
584 411 661 474 quas
676 409 741 452 non
757 390 817 451 nisi
833 395 974 470 tempora
989 390 1070 452 festo

182 477 538 552 sternereconsuerant:
561 489 615 550 sed
629 493 662 550 et
676 489 752 549 haec
768 487 901 568 vilisque
916 491 1068 566 vetusque

182 588 277 650 vestis
290 591 368 661 erat,
384 587 466 648 lecto
481 606 545 647 non
560 585 758 666 indignanda
773 583 905 664 saligno.

263 685 446 746 Accubuere
462 683 523 745 dei.
568 683 711 745 Mensam
727 681 889 743 succincta
904 685 1103 760 tremensque

181 783 273 866 ponit
287 803 376 857 anns,
394 801 518 844 mensae
533 782 585 842 sed
601 785 668 842 erat
682 800 737 861 pes
758 780 872 841 tertius
887 779 999 860 impar.

182 881 277 942 Tasta
290 900 397 961 parem
412 879 499 940 fecit.
546 877 631 952 Quae
646 881 814 958 postquam
830 877 957 938 subdita
970 876 1089 937 clivum

182 978 321 1051 sustulit,
339 979 503 1058 aequatam
518 980 644 1037 mentae
659 978 775 1035 tersere
790 974 937 1036 virentes.

183 1075 318 1136 Ponitur
332 1074 385 1135 iric
400 1073 518 1134 bicolor
532 1072 670 1134 sincerae
686 1072 762 1133 baca
778 1071 938 1134 Minervae

182 1173 370 1252 conditaque
384 1171 418 1232 in
432 1172 554 1251 liquida
569 1189 665 1231 corna
683 1169 882 1230 autumnalia
895 1169 981 1231 faece

182 1270 344 1350 intibaque
358 1275 390 1331 et
405 1270 493 1330 radix
508 1273 540 1330 et
554 1268 645 1329 lactis
660 1287 760 1328 massa
774 1266 873 1328 coacti

183 1387 301 1447 ovaque
315 1388 381 1428 nou
395 1367 460 1428 acri
474 1367 585 1428 leviter
599 1376 722 1428 versata
736 1364 856 1438 favilla,

183 1465 290 1527 omnia
304 1465 464 1526 fictilibus.
509 1464 584 1525 Post
598 1463 675 1524 haec
690 1463 829 1524 caelatus
842 1463 952 1524 eodem

183 1563 306 1624 sistitur
319 1566 449 1642 argento
464 1565 566 1623 crater
580 1559 797 1639 fabricataque
808 1560 883 1639 fago

182 1660 305 1742 pocula,
323 1679 386 1740 qua
398 1679 474 1721 cava
488 1663 574 1732 sunt,
591 1657 780 1720 flaventibus
794 1656 889 1718 inlita
902 1657 991 1718 ceris.

264 1759 364 1819 Parva
378 1759 536 1831 moreest,
553 1756 724 1837 epulasque
738 1754 802 1817 ioci
817 1755 928 1816 misere
943 1755 1095 1830 calentes;

183 1876 241 1917 uec
255 1857 366 1934 longae
381 1874 490 1916 rursus
502 1854 687 1915 referuntur
702 1852 776 1913 vina
790 1856 932 1913 senectae

183 1955 323 2032 dantque
337 1953 443 2014 locum
457 1951 574 2012 mensis
587 1951 721 2031 paulum
735 1951 865 2011 seducta
876 1950 1032 2011 secundis.

184 2051 247 2111 Hic
262 2071 339 2124 nux,
355 2050 408 2111 bic
423 2049 524 2110 mixta
537 2051 584 2110 est
599 2047 720 2128 rugosis
735 2047 836 2108 carica
849 2046 964 2128 palmis

183 2167 348 2230 prunaque
362 2151 394 2209 et
407 2147 442 2208 in
457 2145 575 2227 patulis
592 2144 767 2206 redolentia
782 2145 864 2206 mala
878 2144 1024 2206 canistris

183 2250 216 2307 et
230 2247 269 2307 de
284 2245 451 2325 purpureis
465 2245 623 2306 conlectae
639 2243 755 2304 vitibus
769 2262 858 2304 uvae.
894 2281 895 2284 =

185 2343 348 2405 Candidus
362 2342 396 2403 in
411 2341 515 2403 modio
529 2341 621 2402 favus
635 2343 692 2402 est.
738 2339 839 2420 Super
854 2339 961 2401 omnia
974 2340 1083 2400 vultus

183 2461 336 2502 accessere
349 2439 425 2501 boni
439 2459 497 2500 neo
512 2438 595 2500 iners
609 2457 793 2519 pauperque
808 2433 970 2498 voluntas'

265 2537 390 2598 Interea
407 2535 521 2597 totiens
534 2535 686 2596 haustum
701 2537 821 2595 cratera
835 2534 949 2615 repleri

116 2685 118 2688 .
183 2639 296 2716 sponte
312 2653 437 2714 suaper
451 2652 545 2712 seque
558 2632 669 2693 vidant
686 2647 878 2692 succrescere
893 2631 981 2692 vina:

183 2731 313 2794 attoniti
329 2730 470 2792 novitate
483 2733 600 2810 pavent
614 2729 822 2808 manibusque
842 2729 963 2810 supinis

184 2828 371 2908 concipiunt
387 2827 563 2908 Baucisque
578 2846 686 2907 preces
700 2825 895 2907 timidusque
908 2826 1073 2887 Philemon

184 2925 355 2987 streniam
371 2923 505 3004 dapibus
519 2923 677 3003 nullisque
692 2922 853 3003 paratibus
868 2926 969 2984 orant.

270 3021 390 3084 Unicus
404 3041 495 3082 anser
509 3026 587 3093 erat,
605 3019 755 3081 minimae
771 3020 914 3081 custodia
928 3020 1035 3082 villae:

184 3141 279 3201 quem
295 3119 342 3180 dis
356 3118 535 3199 hospitibus
549 3117 670 3179 domiui
686 3123 822 3178 mactare
837 3118 1001 3199 parabant.

185 3217 246 3279 Ille
259 3216 341 3278 celer
355 3235 460 3296 penna
477 3215 581 3277 tardos
595 3218 696 3275 aetate
711 3215 827 3294 fatigat

182 3314 355 3393 eluditque
364 3313 431 3386 diu,
449 3312 640 3390 tandemque
655 3314 702 3372 est
719 3311 800 3372 visus
814 3313 854 3372 ad
869 3312 953 3392 ipsos

186 3410 365 3490 confugisse
379 3410 464 3470 deos.
509 3408 621 3489 Superi
636 3412 763 3470 vetuere
778 3409 881 3469 necari

188 3508 251 3569 ‘Di
264 3508 272 3537 '
289 3528 349 3588 que
366 3508 374 3536 ‘
388 3527 508 3580 sumus,
525 3506 714 3586 meritasque
730 3505 797 3566 luet
811 3506 927 3568 vicinia
940 3525 1057 3587 poenas

186 3605 304 3686 impia’
321 3605 486 3680 dixeruut3
511 3604 619 3666 ‘robis
634 3603 821 3664 inmunibus
835 3603 931 3665 huius

186 3723 252 3766 esse
266 3703 342 3765 mali
357 3703 495 3764 dabitur.
541 3703 636 3763 Modo
650 3707 753 3764 vestra
768 3701 937 3781 relinquite
951 3705 1036 3762 tecta

187 3822 224 3864 ao
238 3804 361 3863 nostros
375 3801 523 3863 comitate
538 3801 655 3880 gradus
670 3803 703 3861 et
717 3799 751 3860 in
767 3799 867 3861 ardua
881 3800 999 3860 montis

186 3900 232 3962 ite
246 3899 367 3961 simul.’
411 3899 528 3962 Parent
542 3898 634 3960 ambo
649 3896 829 3976 baculisque
844 3895 939 3958 levati

187 3997 340 4061 nituntur
353 3996 450 4080 longo
464 3995 597 4078 vestigia
611 4013 726 4078 ponere
741 3994 830 4057 olivo.
