2964 4380
192 190 236 254 60
386 213 413 256 P.
439 211 554 256 OVIDII
577 212 728 258 NASONIS
750 214 911 260 chamus
934 216 1088 262 SELEOTA.

191 355 314 442 Raptus
327 383 359 424 es
374 362 503 425 invidia.
549 363 624 425 Nou
639 367 675 424 tu
691 365 758 426 fera
772 364 854 425 bella
867 367 1028 428 movebas:

230 461 377 542 garrulus
390 463 422 522 et
437 460 578 541 placidae
592 461 678 541 pacis
693 465 814 523 amator
828 483 905 524 eras.
983 468 985 471 ’

191 560 283 633 Ecce,
300 558 477 620 coturnices
492 559 576 619 inter
590 578 645 619 sua
659 559 779 640 proelia
792 559 917 634 vivunt,

230 659 364 720 forsitan
379 662 411 720 01
425 659 504 720 fiant
518 658 592 719 indo
606 659 789 739 frequenter
803 679 891 720 anus.

192 757 309 818 Plenus
323 776 391 818 cras
405 757 549 830 minimo,
567 776 625 817 000
640 777 714 836 prac
730 757 881 818 sermonis
895 777 1001 820 amore

231 855 265 915 10
280 855 398 915 multos
412 863 537 933 poteras
551 874 605 915 ora
619 874 727 915 vacare
742 854 836 915 cibos.

191 952 269 1014 Nux
283 955 351 1014 erat
365 972 434 1012 esca
448 951 507 1012 tibi
522 971 694 1032 causaeque
708 971 863 1032 papavera
876 951 991 1028 somni,

231 1050 431 1132 pellebatque
445 1049 531 1110 sitim
546 1048 697 1128 simplicis
711 1047 827 1109 humor
841 1069 948 1130 aquae.

191 1147 283 1209 Vivit
297 1148 376 1208 edax
391 1147 510 1220 vultur,
527 1147 706 1226 ducensque
721 1166 778 1226 per
792 1151 864 1208 adra
877 1166 969 1226 gyros

232 1245 362 1318 miluus,
379 1249 411 1306 01
425 1244 550 1324 pluviae
565 1244 712 1324 graculus
725 1247 835 1305 auctor
850 1263 956 1324 aquae.

191 1342 282 1405 Vivit
297 1346 330 1403 ct
344 1342 510 1412 armiferae
525 1341 635 1402 cornix
649 1341 751 1403 invisa
766 1341 937 1416 Minervae,

233 1439 288 1500 1110
302 1439 430 1520 quidem
446 1439 553 1500 saeclis
567 1438 620 1500 vix
634 1439 789 1501 moritura
803 1458 925 1500 novem.

119 1523 125 1532 ⁸
193 1536 319 1599 Occidit
333 1537 386 1598 ille
400 1537 525 1618 loquax,
542 1536 700 1598 humanae
715 1535 798 1598 vocis
812 1536 927 1616 imago,

232 1635 397 1716 psittacus,
414 1638 554 1696 extremo
569 1654 686 1695 munus
700 1634 739 1694 ab
754 1635 827 1694 orbe
841 1635 962 1694 datum.

194 1731 324 1812 Optima
337 1732 441 1813 prima
455 1732 521 1793 1010
535 1731 682 1792 manibus
696 1751 729 1792 ra
732 1731 866 1810 0100101·
880 1729 995 1805 avaris;

233 1829 408 1910 implentur
423 1829 563 1891 numeris
577 1829 732 1890 deteriora
746 1827 819 1890 suis.

194 1926 311 1988 Tristia
326 1927 515 2007 Phylacidae
529 1927 689 1988 Thersites
702 1927 817 1986 funera
831 1925 925 1988 vidit:

234 2024 359 2104 iamque
373 2024 463 2099 cinis,
481 2023 560 2085 vivis
572 2023 736 2098 fratribus,
754 2023 874 2084 Hector
887 2026 963 2084 erat.

195 2121 280 2197 Quid
295 2123 429 2184 10101001
445 2122 574 2183 timidae
588 2142 646 2203 pro
660 2125 693 2183 te
707 2121 760 2202 pia
773 2125 845 2183 vota
859 2120 996 2201 puellae:

218 2214 220 2218 ’
235 2223 308 2281 vota
322 2220 493 2301 procelloso
507 2239 563 2300 per
577 2239 662 2281 mare
677 2223 768 2300 rapta
781 2221 881 2293 noto?

196 2317 337 2398 Septima
351 2316 407 2378 lux
421 2317 540 2391 aderat,
558 2337 623 2378 non
637 2316 818 2378 exhibitura
832 2318 1024 2396 sequentem,

235 2418 268 2476 01
282 2416 385 2476 stabat
399 2434 496 2476 vacuo
511 2414 574 2475 iam
589 2413 648 2474 tibi
663 2414 761 2475 Paroa
775 2413 851 2474 0010.

195 2510 263 2573 Nec
279 2516 385 2573 tamen
400 2511 513 2591 ignavo
528 2514 722 2592 stupuerunt
736 2511 829 2572 verba
843 2511 959 2591 palato,

235 2609 383 2671 clamavit
397 2609 533 2670 moriens
547 2608 657 2688 lingua
674 2607 842 2681 ‘Corinna
860 2608 941 2669 vale!
953 2608 962 2637 ’

197 2705 283 2768 Oolle
298 2706 356 2768 sub
371 2706 477 2787 Elysio
492 2706 583 2786 nigra
596 2726 708 2767 nemus
722 2705 793 2766 ilice
807 2705 946 2778 frondet,

236 2804 360 2885 udaque
375 2807 527 2884 perpetuo
541 2803 684 2884 gramine
698 2806 782 2864 terra
796 2801 886 2863 viret.

196 2899 293 2980 Siqua
307 2901 384 2962 fides
399 2900 514 2974 dubiis,
531 2901 695 2961 volucrum
711 2900 798 2960 locus
812 2898 865 2960 1110
879 2899 1005 2978 piarum

236 2998 365 3073 dicitur,
382 2999 532 3060 obscenae
547 3018 609 3078 quo
623 2997 834 3078 prohibentur
847 3016 928 3058 aves.

195 3094 267 3156 Illic
281 3094 411 3156 innocui
424 3095 488 3157 lats
502 3097 676 3175 pascuntur
690 3094 803 3155 olores:

236 3196 268 3252 et
282 3192 373 3253 vivax
387 3192 537 3273 phoenix,
554 3192 648 3252 unica
662 3210 784 3270 semper
798 3191 872 3251 avis.

196 3287 345 3368 Explicat
359 3288 427 3369 ipsa
442 3308 512 3350 suas
525 3288 589 3349 ales
603 3287 740 3348 Iunonia
754 3306 888 3367 pennas:

236 3385 341 3446 oscula
356 3386 411 3446 dat
425 3371 540 3466 cupido
555 3385 670 3446 blanda
684 3384 829 3446 columba
843 3384 934 3445 mari.

196 3481 354 3544 Psittacus
368 3483 424 3545 has
438 3482 532 3558 inter,
549 3481 701 3544 nemorali
717 3482 788 3543 sede
802 3486 956 3562 receptus,

236 3580 393 3642 convertit
407 3580 548 3642 volueres
562 3580 596 3641 10
612 3601 668 3641 000
682 3580 775 3641 verba
788 3578 865 3659 pias.

197 3676 274 3739 Ossa
287 3678 368 3758 tegit
382 3679 536 3753 tumulus,
554 3678 698 3740 tumulus
712 3697 769 3758 pro
784 3697 912 3758 corpore
927 3696 1071 3756 magnus,

237 3797 299 3856 quo
314 3776 394 3858 lapis
408 3776 541 3856 exiguus
555 3796 611 3857 par·
627 3775 685 3836 sibi
700 3795 826 3836 carmen
841 3774 950 3835 habet:

199 3873 359 3954 ‘Colligor
373 3895 411 3937 cx
426 3875 493 3956 ipso
509 3874 655 3935 dominae
669 3873 822 3954 placuisse
837 3872 989 3952 sepulcro.

238 3971 301 4034 Ora
317 3973 407 4035 fuere
423 3972 501 4033 mihi
517 3973 589 4053 plus
603 3992 658 4034 ave
673 3972 766 4033 docta
779 3968 891 4050 loqui.’
