2986 4376
425 207 598 253 PROVERBS
619 205 695 252 Aul)
716 203 824 250 SHORT
845 203 1058 252 SELEOTIONS.

719 360 767 418 19.

198 467 346 534 Carmina
359 471 542 546 laudantur,
559 471 614 534 sed
629 475 761 533 munera
775 488 891 549 magna
904 470 1073 550 petuntur:

209 619 213 626 ,
236 568 409 631 dummodo
423 569 465 631 sit
479 569 576 643 dives,
592 568 743 630 barbarus
757 567 823 647 ipse
836 566 949 648 placet.

196 664 303 728 Aurea
317 669 392 729 sunt
407 686 479 730 vere
493 686 580 729 nune
595 667 725 728 saecula.
772 663 934 726 Plurimus
948 683 1025 726 auro

236 763 325 826 venit
338 764 448 828 honos.
492 764 581 827 Auro
596 763 784 827 consiliatur
796 781 893 825 amor.

1007 842 1047 904 A.
1064 842 1104 903 A.
1123 858 1161 903 11.
1180 845 1249 906 275.

719 1009 768 1068 20.

177 1120 178 1123 ’
196 1115 230 1180 si
244 1117 323 1181 latet
336 1139 396 1192 ars,
412 1119 563 1201 proaem·
577 1121 682 1182 adfert
696 1120 849 1201 deprensa
862 1119 1028 1199 pudorem,

235 1218 329 1295 atque
343 1217 456 1279 adimit
471 1217 583 1280 merito
597 1222 724 1300 tempus
737 1216 772 1279 in
786 1236 879 1279 omne
893 1217 998 1278 fidem.

1006 1314 1046 1374 A.
1064 1313 1104 1376 A.
1122 1330 1161 1375 ΙΙ.
1180 1317 1250 1375 313.

718 1479 766 1537 21.

598 1589 654 1654 Nil
668 1589 877 1653 adsuetudine
890 1589 1001 1652 maius.

1006 1669 1249 1733 AAmm.

719 1835 768 1895 22.

196 1945 258 2010 Sed
272 1966 360 2010 mora
374 1949 445 2010 tuta
458 1945 569 2010 brevis.
615 1946 810 2009 Lentescunt
824 1950 965 2027 ternpore
979 1965 1081 2020 curae,

236 2044 438 2125 vanescitque
452 2045 562 2107 absens
576 2047 609 2106 et
622 2063 724 2107 novus
737 2044 838 2106 intrat
851 2062 948 2106 amor.

1006 2123 1046 2186 A.
1065 2123 1105 2186 A.
1122 2137 1161 2186 11.
1180 2127 1251 2188 357.

719 2289 768 2348 23.

197 2399 376 2462 Luxuriant
390 2399 497 2462 animi
503 2399 596 2462 rebus
610 2400 796 2482 plerumque
814 2398 970 2474 secundis,

236 2517 294 2562 444
307 2497 401 2560 facile
415 2500 462 2560 est
475 2517 575 2580 aequa
588 2499 753 2561 commoda
771 2501 877 2561 mente
891 2497 970 2579 pati.

1007 2577 1047 2640 A.
1065 2576 1104 2638 A.
1123 2592 1162 2638 11.
1180 2580 1250 2642 434.

719 2743 768 2802 24.

197 2853 288 2929 Quod
303 2854 384 2916 male
398 2855 472 2929 fers,
489 2853 651 2931 adsuesce3
672 2854 754 2916 feres
767 2853 856 2915 bene.

1254 202 1296 271 79

1008 2931 1049 2993 A.
1066 2932 1106 2994 A.
1124 2948 1163 2993 11.
1182 2926 1257 2997 647.

719 3085 768 3144 25.

196 3197 360 3260 Venturae
373 3216 526 3259 memores
539 3195 603 3258 iam
618 3215 704 3258 nune
718 3197 816 3258 estote
831 3197 987 3258 senectae:

236 3293 281 3355 sic
295 3294 420 3354 nullum
436 3292 522 3354 vobis
537 3297 662 3374 tempus
676 3292 776 3354 abibit
789 3292 882 3354 iners.

197 3391 284 3452 Dum
298 3391 384 3465 lieet,
401 3394 433 3452 et
447 3410 535 3452 ueros
549 3391 644 3452 etiam
659 3410 746 3452 nune
762 3390 855 3451 editis
869 3409 979 3464 annos,

236 3488 353 3550 ludite:
376 3492 454 3550 eunt
468 3489 544 3551 anni
559 3508 644 3550 more
659 3487 787 3550 fluentis
801 3507 908 3568 aquae.

197 3586 265 3648 Nee
280 3606 358 3666 qnae
372 3586 546 3667 praeteriit,
563 3585 679 3646 iterum
695 3586 894 3648 revocabitur
907 3585 1005 3659 unda,

237 3703 295 3746 nee
311 3702 388 3764 quae
402 3682 577 3766 praeteriit,
594 3684 671 3745 hora
686 3683 787 3745 redire
801 3686 916 3763 potest.

198 3781 365 3845 Utendum
379 3785 427 3843 est
440 3784 556 3843 aetate:
579 3780 642 3843 eito
655 3781 736 3861 pede
750 3780 869 3842 labitur
882 3783 977 3854 aetas,
1059 3846 1061 3849 ,

238 3897 296 3941 444
309 3879 392 3942 bona
406 3881 472 3941 tam
486 3877 639 3960 sequitur,
657 3897 751 3960 quam
766 3878 848 3942 bena
861 3877 965 3960 prima
978 3877 1053 3939 fuit.

1015 3974 1054 4036 A.
1073 3974 1113 4036 A.
1131 3991 1185 4036 111.
1205 3979 1253 4037 59.
