2964 4380
321 224 390 270 THE
411 223 583 271 sanamus
604 223 645 270 OF
666 225 818 271 nova-A
840 227 948 274 STORM
970 227 1014 273 Ar
1034 228 1106 275 sau.

166 379 235 440 Aut
248 378 310 452 his,
326 381 383 440 aut
397 378 477 453 aliis,
494 378 595 440 donec
609 354 873 455 dediscis'amare,

206 475 272 558 ipse
287 475 346 538 tibi
359 475 475 538 furtim
489 474 695 557 decipiendus
709 475 779 540 eris.
854 473 855 478 ’

446 793 495 854 ze.
533 795 564 853 n
599 791 760 855 secan
788 741 856 854 ni
885 792 984 857 san.

585 995 690 1041 aruer.
714 997 738 1043 1.
763 985 792 1042 2.

166 1163 209 1225 Di
223 1164 318 1227 maris
331 1168 364 1227 et
379 1163 467 1238 caeli,
486 1163 578 1244 (quid
593 1164 678 1226 enim
693 1164 754 1226 nisi
769 1168 843 1226 vota
856 1168 1026 1246 supersunt
1035 1164 1065 1247 t)

205 1262 322 1323 solvere
336 1264 499 1343 quassatae
512 1261 631 1342 parcite
645 1263 786 1323 membra
800 1261 887 1336 ratis,

164 1378 253 1433 neve,
270 1379 389 1440 precor,
406 1358 515 1439 magni
529 1358 714 1420 subscribite
731 1359 871 1421 Caesaris
885 1359 963 1422 irael

205 1455 303 1538 Saepe
317 1460 480 1538 premente
495 1457 553 1518 deo
566 1458 631 1518 fert
645 1458 722 1518 deus
737 1457 818 1518 alter
833 1477 934 1538 opem.

165 1553 320 1616 Mulciber
334 1554 369 1615 in
384 1554 522 1629 Troiam,
539 1573 596 1635 pro
611 1554 706 1616 Troia
720 1555 822 1616 stabat
837 1555 967 1636 Apollo;

113 1659 116 1668 '
204 1672 304 1733 aequa
317 1653 427 1715 Venus
441 1651 582 1726 Teucris,
600 1651 704 1713 Pallas
717 1652 829 1732 iniqua
842 1653 916 1714 fuit.

165 1749 283 1813 Oderat
297 1750 427 1812 Aenean
441 1749 570 1831 propior
585 1749 734 1812 Saturnia
749 1750 873 1826 Turn03

204 1847 259 1910 ille
273 1850 381 1909 tamen
395 1847 528 1910 Veneris
542 1847 674 1908 numine
688 1850 779 1908 tutus
793 1851 872 1908 erat.

165 1944 263 2027 Saepe
276 1946 366 2008 ferox
380 1949 509 2007 cautum
524 1945 618 2025 petiit
633 1945 805 2025 Neptunus
818 1945 949 2020 Ulixen,

204 2042 322 2123 eripuit
335 2046 450 2124 patruo
464 2062 554 2122 saepe
569 2041 713 2104 Minerva
727 2063 794 2104 suo.

164 2139 208 2202 Et
222 2139 312 2201 nobis
326 2140 465 2220 aliquod,
483 2139 627 2220 quamvis
641 2139 796 2201 distamus
809 2141 848 2201 ab
862 2140 937 2214 illis,

204 2238 275 2319 quis
289 2241 375 2300 vetat
389 2237 470 2299 irato
484 2257 603 2298 numen
618 2239 723 2300 adesse
737 2239 822 2298 deo?

163 2336 269 2398 Verba
282 2336 376 2397 miser
389 2337 509 2397 frustra
522 2355 588 2396 non
602 2335 800 2416 proficientia
813 2336 922 2416 perdo.

203 2433 277 2516 Ipsa
290 2453 400 2514 graves
414 2435 568 2514 spargunt
582 2452 637 2494 ora
649 2433 809 2513 loquentis
822 2452 930 2513 aquae,

164 2533 379 2613 terribilisque
395 2533 501 2594 Notus
516 2532 615 2592 iactat
631 2549 701 2590 mee
716 2531 803 2591 dicta
823 2544 1007 2608 precesque,

203 2631 243 2691 ad
258 2650 336 2710 quos
349 2629 535 2702 mittuntur,
552 2648 617 2689 non
632 2627 707 2689 sinit
722 2628 777 2702 ire,
795 2629 878 2689 deos.

138 2805 140 2810 Ι
164 2727 250 2807 Ergo
264 2727 349 2787 idem
364 2727 461 2800 venti,
480 2745 519 2787 ne
533 2745 626 2787 causa
640 2726 747 2786 laedar
761 2725 795 2785 in
810 2745 884 2798 una,

203 2825 334 2904 velaque
348 2823 452 2885 neseio
468 2843 530 2903 quo
546 2827 680 2902 votaque
695 2827 801 2883 nostra
815 2823 936 2882 ferunt.

164 2922 217 2985 Me
231 2922 392 2994 miserum,
411 2920 522 3001 quanti
537 2923 660 2980 montes
674 2920 847 2981 volvuntur
861 2921 1030 2998 aquarum!

203 3019 265 3080 iam
281 3018 344 3080 iam
359 3021 498 3079 tacturos
512 3017 613 3078 sidera
627 3036 751 3079 summa
764 3020 867 3097 putes.

164 3116 307 3191 Quantae
320 3115 452 3177 diducto
467 3115 636 3176 subsidunt
650 3134 783 3195 aequore
798 3114 907 3175 valles!

203 3214 266 3276 iam
281 3213 345 3274 iam
360 3215 499 3274 tacturas
514 3213 646 3273 Tartara
660 3212 752 3291 nigra
765 3215 867 3293 putes.

164 3311 371 3390 Quocumque
385 3309 534 3390 adspici0,
551 3309 633 3370 nihil
648 3311 695 3370 est
709 3309 770 3370 nisi
785 3312 903 3389 pontus
917 3311 948 3370 et
963 3317 1027 3383 aar,

203 3408 353 3469 fiuctibus
366 3407 419 3469 hic
434 3407 587 3480 tumidus,
604 3406 743 3468 nubibus
757 3405 810 3467 ille
825 3405 943 3466 minax.

163 3506 253 3567 Inter
267 3509 439 3585 utrumque
453 3506 598 3566 fremunt
612 3503 734 3565 inmani
748 3523 912 3565 murmure
926 3503 1029 3564 venti:

203 3603 314 3677 nescit,
331 3602 383 3664 cui
398 3602 528 3664 dominc
542 3605 660 3682 pareat,
677 3602 765 3662 unda
779 3601 885 3662 maris.

163 3700 247 3762 Nam
262 3700 356 3761 modo
370 3719 529 3780 purpureo
543 3699 623 3761 vires
637 3699 722 3780 capit
737 3699 843 3760 Eurus
857 3697 896 3759 ab
910 3700 993 3771 ortu,

203 3817 291 3858 nunc
305 3797 466 3878 Zephyrus
481 3817 548 3858 sero
562 3816 688 3877 vespere
702 3797 815 3858 missus
829 3797 927 3868 adest,

119 3895 124 3905 '
163 3914 251 3956 nune
265 3895 346 3956 sicca
359 3894 483 3976 gelidus
497 3895 611 3956 Boreas
625 3894 796 3956 bacchatur
810 3894 849 3955 ab
864 3893 973 3965 Arete,

204 4011 291 4054 nunc
306 3993 410 4080 Notus
424 3993 552 4054 adversa
565 3990 685 4072 proelia
699 3991 804 4054 fronte
818 3990 910 4071 gerit.
