<?xml version="1.0" encoding="UTF-8"?>
<!DOCTYPE html PUBLIC "-//W3C//DTD XHTML 1.0 Transitional//EN"
    "http://www.w3.org/TR/xhtml1/DTD/xhtml1-transitional.dtd">
<html xmlns="http://www.w3.org/1999/xhtml" xml:lang="en" lang="en">
 <head>
  <title>
</title>
<meta http-equiv="Content-Type" content="text/html;charset=utf-8" />
  <meta name='ocr-system' content='tesseract 3.04.00' />
  <meta name='ocr-capabilities' content='ocr_page ocr_carea ocr_par ocr_line ocrx_word'/>
</head>
<body>
  <div class='ocr_page' id='page_1' title='image "./selectionsfromo02ovidgoog_0045.png"; bbox 0 0 2964 4380; ppageno 0'>
   <div class='ocr_carea' id='block_1_1' title="bbox 184 168 1082 238">
    <p class='ocr_par' dir='ltr' id='par_1_1' title="bbox 184 168 1082 238">
     <span class='ocr_line' id='line_1_1' title="bbox 184 168 1082 238; baseline 0.004 -24"><span class='ocrx_word' id='word_1_1' title='bbox 184 173 226 238; x_wconf 79' lang='lat'><strong>30</strong></span> <span class='ocrx_word' id='word_1_2' title='bbox 378 171 405 216; x_wconf 90' lang='lat' dir='ltr'><strong>P.</strong></span> <span class='ocrx_word' id='word_1_3' title='bbox 432 170 546 215; x_wconf 89' lang='lat' dir='ltr'>OVIDII</span> <span class='ocrx_word' id='word_1_4' title='bbox 569 168 719 215; x_wconf 75' lang='lat' dir='ltr'>NASONIS</span> <span class='ocrx_word' id='word_1_5' title='bbox 741 168 903 214; x_wconf 68' lang='lat' dir='ltr'><strong>edamus</strong></span> <span class='ocrx_word' id='word_1_6' title='bbox 926 169 1082 218; x_wconf 82' lang='lat' dir='ltr'><strong>SELEOTA.</strong></span> 
     </span>
    </p>
   </div>
   <div class='ocr_carea' id='block_1_2' title="bbox 180 319 1282 2158">
    <p class='ocr_par' dir='ltr' id='par_1_2' title="bbox 182 319 1280 500">
     <span class='ocr_line' id='line_1_2' title="bbox 182 319 1280 402; baseline 0.001 -19"><span class='ocrx_word' id='word_1_7' title='bbox 182 322 275 384; x_wconf 86' lang='lat' dir='ltr'><strong>Tunc</strong></span> <span class='ocrx_word' id='word_1_8' title='bbox 288 321 429 402; x_wconf 90' lang='lat' dir='ltr'><strong>primurn</strong></span> <span class='ocrx_word' id='word_1_9' title='bbox 444 319 581 382; x_wconf 80' lang='lat' dir='ltr'><strong>lacrimis</strong></span> <span class='ocrx_word' id='word_1_10' title='bbox 595 320 751 382; x_wconf 83' lang='lat' dir='ltr'><strong>victarum</strong></span> <span class='ocrx_word' id='word_1_11' title='bbox 766 321 904 387; x_wconf 80' lang='lat' dir='ltr'><strong>carmine</strong></span> <span class='ocrx_word' id='word_1_12' title='bbox 918 323 1005 384; x_wconf 81' lang='lat' dir='ltr'><strong>tama</strong></span> <span class='ocrx_word' id='word_1_13' title='bbox 1015 329 1063 384; x_wconf 91' lang='lat' dir='ltr'><strong>est</strong></span> <span class='ocrx_word' id='word_1_14' title='bbox 1241 328 1280 384; x_wconf 83' lang='lat'><strong>45</strong></span> 
     </span>
     <span class='ocr_line' id='line_1_3' title="bbox 182 418 1057 500; baseline 0.001 -19"><span class='ocrx_word' id='word_1_15' title='bbox 182 418 400 481; x_wconf 83' lang='lat' dir='ltr'><strong>Eumenidum</strong></span> <span class='ocrx_word' id='word_1_16' title='bbox 415 418 572 480; x_wconf 76' lang='lat' dir='ltr'><strong>maduisse</strong></span> <span class='ocrx_word' id='word_1_17' title='bbox 585 438 690 498; x_wconf 85' lang='lat' dir='ltr'><strong>genas.</strong></span> <span class='ocrx_word' id='word_1_18' title='bbox 736 418 803 480; x_wconf 88' lang='lat' dir='ltr'><strong>Nec</strong></span> <span class='ocrx_word' id='word_1_19' title='bbox 818 419 904 500; x_wconf 82' lang='lat' dir='ltr'><strong>regia</strong></span> <span class='ocrx_word' id='word_1_20' title='bbox 917 420 1057 482; x_wconf 85' lang='lat' dir='ltr'><strong>coniunx</strong></span> 
     </span>
    </p>

    <p class='ocr_par' dir='ltr' id='par_1_3' title="bbox 181 516 917 596">
     <span class='ocr_line' id='line_1_4' title="bbox 181 516 917 596; baseline 0 -17"><span class='ocrx_word' id='word_1_21' title='bbox 181 517 318 580; x_wconf 86' lang='lat' dir='ltr'><strong>sustinet</strong></span> <span class='ocrx_word' id='word_1_22' title='bbox 331 516 446 590; x_wconf 87' lang='lat' dir='ltr'><strong>oranti,</strong></span> <span class='ocrx_word' id='word_1_23' title='bbox 464 536 521 578; x_wconf 92' lang='lat' dir='ltr'><strong>nec</strong></span> <span class='ocrx_word' id='word_1_24' title='bbox 536 517 590 596; x_wconf 89' lang='lat' dir='ltr'><strong>qui</strong></span> <span class='ocrx_word' id='word_1_25' title='bbox 606 516 688 595; x_wconf 87' lang='lat' dir='ltr'><strong>regit</strong></span> <span class='ocrx_word' id='word_1_26' title='bbox 702 516 775 590; x_wconf 90' lang='lat' dir='ltr'><strong>ima,</strong></span> <span class='ocrx_word' id='word_1_27' title='bbox 792 537 917 596; x_wconf 86' lang='lat' dir='ltr'><strong>negare,</strong></span> 
     </span>
    </p>

    <p class='ocr_par' dir='ltr' id='par_1_4' title="bbox 182 615 1051 696">
     <span class='ocr_line' id='line_1_5' title="bbox 182 615 1051 696; baseline 0 -19"><span class='ocrx_word' id='word_1_28' title='bbox 182 615 426 696; x_wconf 80' lang='lat' dir='ltr'><strong>Eurydicenque</strong></span> <span class='ocrx_word' id='word_1_29' title='bbox 441 623 565 675; x_wconf 86' lang='lat' dir='ltr'><strong>vocant.</strong></span> <span class='ocrx_word' id='word_1_30' title='bbox 608 615 746 676; x_wconf 88' lang='lat' dir='ltr'><strong>Umbras</strong></span> <span class='ocrx_word' id='word_1_31' title='bbox 761 618 829 676; x_wconf 90' lang='lat' dir='ltr'><strong>erat</strong></span> <span class='ocrx_word' id='word_1_32' title='bbox 842 615 898 676; x_wconf 94' lang='lat' dir='ltr'><strong>illa</strong></span> <span class='ocrx_word' id='word_1_33' title='bbox 911 619 1051 678; x_wconf 85' lang='lat' dir='ltr'><strong>recentes</strong></span> 
     </span>
    </p>

    <p class='ocr_par' dir='ltr' id='par_1_5' title="bbox 181 710 876 791">
     <span class='ocr_line' id='line_1_6' title="bbox 181 710 876 791; baseline -0.001 -17"><span class='ocrx_word' id='word_1_34' title='bbox 181 713 267 775; x_wconf 76' lang='lat' dir='ltr'><strong>intec</strong></span> <span class='ocrx_word' id='word_1_35' title='bbox 280 716 313 773; x_wconf 90' lang='lat' dir='ltr'><strong>et</strong></span> <span class='ocrx_word' id='word_1_36' title='bbox 327 710 457 773; x_wconf 82' lang='lat' dir='ltr'><strong>incessit</strong></span> <span class='ocrx_word' id='word_1_37' title='bbox 470 730 562 791; x_wconf 91' lang='lat' dir='ltr'><strong>passu</strong></span> <span class='ocrx_word' id='word_1_38' title='bbox 578 712 616 772; x_wconf 88' lang='lat' dir='ltr'><strong>de</strong></span> <span class='ocrx_word' id='word_1_39' title='bbox 631 711 761 772; x_wconf 86' lang='lat' dir='ltr'><strong>vulnere</strong></span> <span class='ocrx_word' id='word_1_40' title='bbox 777 712 876 773; x_wconf 91' lang='lat' dir='ltr'><strong>tardo.</strong></span> 
     </span>
    </p>

    <p class='ocr_par' dir='ltr' id='par_1_6' title="bbox 180 808 1281 1066">
     <span class='ocr_line' id='line_1_7' title="bbox 262 808 1281 891; baseline 0.001 -21"><span class='ocrx_word' id='word_1_41' title='bbox 262 810 355 870; x_wconf 91' lang='lat' dir='ltr'><strong>Hanc</strong></span> <span class='ocrx_word' id='word_1_42' title='bbox 369 808 464 869; x_wconf 89' lang='lat' dir='ltr'><strong>simul</strong></span> <span class='ocrx_word' id='word_1_43' title='bbox 478 813 511 869; x_wconf 91' lang='lat' dir='ltr'><strong>et</strong></span> <span class='ocrx_word' id='word_1_44' title='bbox 524 809 626 888; x_wconf 88' lang='lat' dir='ltr'><strong>legem</strong></span> <span class='ocrx_word' id='word_1_45' title='bbox 642 809 846 888; x_wconf 88' lang='lat' dir='ltr'><strong>Rhodopeius</strong></span> <span class='ocrx_word' id='word_1_46' title='bbox 860 809 976 891; x_wconf 86' lang='lat' dir='ltr'><strong>accipit</strong></span> <span class='ocrx_word' id='word_1_47' title='bbox 991 809 1152 890; x_wconf 80' lang='lat' dir='ltr'><strong>Orpheus:</strong></span> <span class='ocrx_word' id='word_1_48' title='bbox 1242 813 1281 871; x_wconf 85' lang='lat'><strong>50</strong></span> 
     </span>
     <span class='ocr_line' id='line_1_8' title="bbox 180 906 931 980; baseline 0 -12"><span class='ocrx_word' id='word_1_49' title='bbox 180 927 221 968; x_wconf 90' lang='lat' dir='ltr'><strong>ne</strong></span> <span class='ocrx_word' id='word_1_50' title='bbox 235 907 342 968; x_wconf 86' lang='lat' dir='ltr'><strong>flectat</strong></span> <span class='ocrx_word' id='word_1_51' title='bbox 356 910 439 967; x_wconf 90' lang='lat' dir='ltr'><strong>retro</strong></span> <span class='ocrx_word' id='word_1_52' title='bbox 454 906 657 980; x_wconf 80' lang='lat' dir='ltr'><strong>caelamina,</strong></span> <span class='ocrx_word' id='word_1_53' title='bbox 675 907 775 968; x_wconf 89' lang='lat' dir='ltr'><strong>donec</strong></span> <span class='ocrx_word' id='word_1_54' title='bbox 789 906 931 968; x_wconf 86' lang='lat' dir='ltr'><strong>Avernas</strong></span> 
     </span>
     <span class='ocr_line' id='line_1_9' title="bbox 180 1003 838 1066; baseline -0.005 0"><span class='ocrx_word' id='word_1_55' title='bbox 180 1005 292 1066; x_wconf 89' lang='lat' dir='ltr'><strong>exierit</strong></span> <span class='ocrx_word' id='word_1_56' title='bbox 307 1005 416 1066; x_wconf 85' lang='lat' dir='ltr'><strong>valles:</strong></span> <span class='ocrx_word' id='word_1_57' title='bbox 438 1008 494 1065; x_wconf 92' lang='lat' dir='ltr'><strong>aut</strong></span> <span class='ocrx_word' id='word_1_58' title='bbox 508 1003 606 1066; x_wconf 87' lang='lat' dir='ltr'><strong>inrita</strong></span> <span class='ocrx_word' id='word_1_59' title='bbox 620 1003 703 1065; x_wconf 90' lang='lat' dir='ltr'><strong>dona</strong></span> <span class='ocrx_word' id='word_1_60' title='bbox 717 1004 838 1065; x_wconf 85' lang='lat' dir='ltr'><strong>futura.</strong></span> 
     </span>
    </p>

    <p class='ocr_par' dir='ltr' id='par_1_7' title="bbox 181 1101 1010 1280">
     <span class='ocr_line' id='line_1_10' title="bbox 263 1101 1010 1182; baseline 0.001 -19"><span class='ocrx_word' id='word_1_61' title='bbox 263 1101 414 1182; x_wconf 77' lang='lat' dir='ltr'><strong>Carpitur</strong></span> <span class='ocrx_word' id='word_1_62' title='bbox 428 1101 553 1163; x_wconf 84' lang='lat' dir='ltr'><strong>acclivis</strong></span> <span class='ocrx_word' id='word_1_63' title='bbox 568 1105 728 1182; x_wconf 88' lang='lat' dir='ltr'><strong>permuta</strong></span> <span class='ocrx_word' id='word_1_64' title='bbox 743 1101 869 1163; x_wconf 88' lang='lat' dir='ltr'><strong>silentia</strong></span> <span class='ocrx_word' id='word_1_65' title='bbox 884 1105 1010 1176; x_wconf 85' lang='lat' dir='ltr'><strong>trames,</strong></span> 
     </span>
     <span class='ocr_line' id='line_1_11' title="bbox 181 1199 890 1280; baseline 0.001 -20"><span class='ocrx_word' id='word_1_66' title='bbox 181 1199 311 1273; x_wconf 84' lang='lat' dir='ltr'><strong>arduus,</strong></span> <span class='ocrx_word' id='word_1_67' title='bbox 328 1200 488 1273; x_wconf 87' lang='lat' dir='ltr'><strong>obscurus,</strong></span> <span class='ocrx_word' id='word_1_68' title='bbox 506 1199 640 1279; x_wconf 88' lang='lat' dir='ltr'><strong>caligine</strong></span> <span class='ocrx_word' id='word_1_69' title='bbox 656 1200 771 1261; x_wconf 91' lang='lat' dir='ltr'><strong>densus</strong></span> <span class='ocrx_word' id='word_1_70' title='bbox 785 1219 890 1280; x_wconf 89' lang='lat' dir='ltr'><strong>opaca.</strong></span> 
     </span>
    </p>

    <p class='ocr_par' dir='ltr' id='par_1_8' title="bbox 181 1297 1282 1475">
     <span class='ocr_line' id='line_1_12' title="bbox 182 1297 1282 1378; baseline 0.001 -20"><span class='ocrx_word' id='word_1_71' title='bbox 182 1297 250 1358; x_wconf 88' lang='lat' dir='ltr'><strong>Nec</strong></span> <span class='ocrx_word' id='word_1_72' title='bbox 264 1298 374 1378; x_wconf 92' lang='lat' dir='ltr'><strong>procul</strong></span> <span class='ocrx_word' id='word_1_73' title='bbox 389 1298 541 1359; x_wconf 79' lang='lat' dir='ltr'><strong>afuerunt</strong></span> <span class='ocrx_word' id='word_1_74' title='bbox 555 1297 679 1359; x_wconf 84' lang='lat' dir='ltr'><strong>telluris</strong></span> <span class='ocrx_word' id='word_1_75' title='bbox 695 1297 837 1378; x_wconf 86' lang='lat' dir='ltr'><strong>margine</strong></span> <span class='ocrx_word' id='word_1_76' title='bbox 851 1316 1008 1360; x_wconf 85' lang='lat' dir='ltr'><strong>summae:</strong></span> <span class='ocrx_word' id='word_1_77' title='bbox 1243 1302 1282 1359; x_wconf 84' lang='lat'><strong>55</strong></span> 
     </span>
     <span class='ocr_line' id='line_1_13' title="bbox 181 1394 967 1475; baseline 0 -19"><span class='ocrx_word' id='word_1_78' title='bbox 181 1394 245 1469; x_wconf 90' lang='lat' dir='ltr'><strong>hic,</strong></span> <span class='ocrx_word' id='word_1_79' title='bbox 261 1414 303 1456; x_wconf 91' lang='lat' dir='ltr'><strong>ne</strong></span> <span class='ocrx_word' id='word_1_80' title='bbox 317 1395 474 1468; x_wconf 87' lang='lat' dir='ltr'><strong>deficeret,</strong></span> <span class='ocrx_word' id='word_1_81' title='bbox 492 1399 636 1456; x_wconf 87' lang='lat' dir='ltr'><strong>metuens</strong></span> <span class='ocrx_word' id='word_1_82' title='bbox 649 1395 823 1475; x_wconf 86' lang='lat' dir='ltr'><strong>avidusque</strong></span> <span class='ocrx_word' id='word_1_83' title='bbox 837 1394 967 1457; x_wconf 87' lang='lat' dir='ltr'><strong>videndi</strong></span> 
     </span>
    </p>

    <p class='ocr_par' dir='ltr' id='par_1_9' title="bbox 182 1492 1017 1574">
     <span class='ocr_line' id='line_1_14' title="bbox 182 1492 1017 1574; baseline 0.001 -21"><span class='ocrx_word' id='word_1_84' title='bbox 182 1492 270 1554; x_wconf 87' lang='lat' dir='ltr'><strong>flexit</strong></span> <span class='ocrx_word' id='word_1_85' title='bbox 285 1513 393 1554; x_wconf 91' lang='lat' dir='ltr'><strong>amans</strong></span> <span class='ocrx_word' id='word_1_86' title='bbox 408 1493 527 1567; x_wconf 90' lang='lat' dir='ltr'><strong>oculos;</strong></span> <span class='ocrx_word' id='word_1_87' title='bbox 550 1496 582 1554; x_wconf 91' lang='lat' dir='ltr'><strong>et</strong></span> <span class='ocrx_word' id='word_1_88' title='bbox 596 1493 743 1574; x_wconf 88' lang='lat' dir='ltr'><strong>protinus</strong></span> <span class='ocrx_word' id='word_1_89' title='bbox 757 1493 812 1554; x_wconf 88' lang='lat' dir='ltr'><strong>illa</strong></span> <span class='ocrx_word' id='word_1_90' title='bbox 825 1493 946 1573; x_wconf 87' lang='lat' dir='ltr'><strong>relapsa</strong></span> <span class='ocrx_word' id='word_1_91' title='bbox 960 1495 1017 1566; x_wconf 88' lang='lat' dir='ltr'><strong>cst,</strong></span> 
     </span>
    </p>

    <p class='ocr_par' dir='ltr' id='par_1_10' title="bbox 182 1590 1115 1672">
     <span class='ocr_line' id='line_1_15' title="bbox 182 1590 1115 1672; baseline 0 -21"><span class='ocrx_word' id='word_1_92' title='bbox 182 1590 389 1672; x_wconf 87' lang='lat' dir='ltr'><strong>bracchiaque</strong></span> <span class='ocrx_word' id='word_1_93' title='bbox 404 1590 572 1652; x_wconf 89' lang='lat' dir='ltr'><strong>intendens</strong></span> <span class='ocrx_word' id='word_1_94' title='bbox 586 1590 763 1672; x_wconf 87' lang='lat' dir='ltr'><strong>prendique</strong></span> <span class='ocrx_word' id='word_1_95' title='bbox 777 1595 810 1652; x_wconf 93' lang='lat' dir='ltr'><strong>et</strong></span> <span class='ocrx_word' id='word_1_96' title='bbox 824 1591 977 1671; x_wconf 90' lang='lat' dir='ltr'><strong>prendere</strong></span> <span class='ocrx_word' id='word_1_97' title='bbox 991 1593 1115 1652; x_wconf 85' lang='lat' dir='ltr'><strong>certans</strong></span> 
     </span>
    </p>

    <p class='ocr_par' dir='ltr' id='par_1_11' title="bbox 182 1687 842 1768">
     <span class='ocr_line' id='line_1_16' title="bbox 182 1687 842 1768; baseline 0 -20"><span class='ocrx_word' id='word_1_98' title='bbox 182 1687 229 1748; x_wconf 92' lang='lat' dir='ltr'><strong>nil</strong></span> <span class='ocrx_word' id='word_1_99' title='bbox 243 1687 306 1749; x_wconf 87' lang='lat' dir='ltr'><strong>nisi</strong></span> <span class='ocrx_word' id='word_1_100' title='bbox 321 1688 467 1749; x_wconf 87' lang='lat' dir='ltr'><strong>cedentes</strong></span> <span class='ocrx_word' id='word_1_101' title='bbox 481 1687 595 1749; x_wconf 80' lang='lat' dir='ltr'><strong>infelix</strong></span> <span class='ocrx_word' id='word_1_102' title='bbox 608 1687 728 1768; x_wconf 86' lang='lat' dir='ltr'><strong>adripit</strong></span> <span class='ocrx_word' id='word_1_103' title='bbox 741 1707 842 1749; x_wconf 87' lang='lat' dir='ltr'><strong>auras.</strong></span> 
     </span>
    </p>

    <p class='ocr_par' dir='ltr' id='par_1_12' title="bbox 182 1784 1282 2158">
     <span class='ocr_line' id='line_1_17' title="bbox 264 1784 1282 1866; baseline 0.001 -21"><span class='ocrx_word' id='word_1_104' title='bbox 264 1785 394 1865; x_wconf 88' lang='lat' dir='ltr'><strong>Iamque</strong></span> <span class='ocrx_word' id='word_1_105' title='bbox 409 1785 525 1846; x_wconf 88' lang='lat' dir='ltr'><strong>iterum</strong></span> <span class='ocrx_word' id='word_1_106' title='bbox 539 1784 676 1846; x_wconf 89' lang='lat' dir='ltr'><strong>moriens</strong></span> <span class='ocrx_word' id='word_1_107' title='bbox 690 1805 755 1846; x_wconf 91' lang='lat' dir='ltr'><strong>non</strong></span> <span class='ocrx_word' id='word_1_108' title='bbox 770 1788 817 1846; x_wconf 91' lang='lat' dir='ltr'><strong>est</strong></span> <span class='ocrx_word' id='word_1_109' title='bbox 831 1785 870 1846; x_wconf 91' lang='lat' dir='ltr'><strong>de</strong></span> <span class='ocrx_word' id='word_1_110' title='bbox 885 1784 1018 1863; x_wconf 87' lang='lat' dir='ltr'><strong>coniuge</strong></span> <span class='ocrx_word' id='word_1_111' title='bbox 1034 1784 1202 1866; x_wconf 87' lang='lat' dir='ltr'><strong>quicquam</strong></span> <span class='ocrx_word' id='word_1_112' title='bbox 1244 1789 1282 1846; x_wconf 93' lang='grc'><strong>60</strong></span> 
     </span>
     <span class='ocr_line' id='line_1_18' title="bbox 182 1881 1075 1965; baseline -0.001 -22"><span class='ocrx_word' id='word_1_113' title='bbox 182 1886 293 1965; x_wconf 88' lang='lat' dir='ltr'><strong>questa</strong></span> <span class='ocrx_word' id='word_1_114' title='bbox 307 1902 378 1944; x_wconf 87' lang='lat' dir='ltr'><strong>suo:</strong></span> <span class='ocrx_word' id='word_1_115' title='bbox 401 1882 476 1963; x_wconf 91' lang='lat' dir='ltr'><strong>quid</strong></span> <span class='ocrx_word' id='word_1_116' title='bbox 491 1883 577 1944; x_wconf 90' lang='lat' dir='ltr'><strong>enim</strong></span> <span class='ocrx_word' id='word_1_117' title='bbox 592 1881 654 1943; x_wconf 91' lang='lat' dir='ltr'><strong>nisi</strong></span> <span class='ocrx_word' id='word_1_118' title='bbox 669 1901 700 1943; x_wconf 89' lang='lat' dir='ltr'><strong>se</strong></span> <span class='ocrx_word' id='word_1_119' title='bbox 713 1885 898 1963; x_wconf 89' lang='lat' dir='ltr'><strong>quereretur</strong></span> <span class='ocrx_word' id='word_1_120' title='bbox 912 1883 1075 1943; x_wconf 80' lang='lat' dir='ltr'><strong>amatam?</strong></span> 
     </span>
     <span class='ocr_line' id='line_1_19' title="bbox 184 1979 1023 2060; baseline -0.002 -18"><span class='ocrx_word' id='word_1_121' title='bbox 184 1979 436 2060; x_wconf 85' lang='lat' dir='ltr'><strong>Supremumque</strong></span> <span class='ocrx_word' id='word_1_122' title='bbox 453 1979 566 2052; x_wconf 71' lang='lat' dir='ltr'><strong>‘vala&#39;</strong></span> <span class='ocrx_word' id='word_1_123' title='bbox 582 1980 666 2060; x_wconf 89' lang='lat' dir='ltr'><strong>quod</strong></span> <span class='ocrx_word' id='word_1_124' title='bbox 680 1979 744 2040; x_wconf 87' lang='lat' dir='ltr'><strong>iam</strong></span> <span class='ocrx_word' id='word_1_125' title='bbox 758 1979 813 2041; x_wconf 81' lang='lat' dir='ltr'><strong>vix</strong></span> <span class='ocrx_word' id='word_1_126' title='bbox 827 1979 955 2041; x_wconf 90' lang='lat' dir='ltr'><strong>auribus</strong></span> <span class='ocrx_word' id='word_1_127' title='bbox 969 1979 1023 2040; x_wconf 93' lang='lat' dir='ltr'><strong>ille</strong></span> 
     </span>
     <span class='ocr_line' id='line_1_20' title="bbox 182 2076 1282 2158; baseline -0.001 -20"><span class='ocrx_word' id='word_1_128' title='bbox 182 2076 348 2158; x_wconf 87' lang='lat' dir='ltr'><strong>acciperet,</strong></span> <span class='ocrx_word' id='word_1_129' title='bbox 366 2076 448 2137; x_wconf 83' lang='lat' dir='ltr'><strong>dixit</strong></span> <span class='ocrx_word' id='word_1_130' title='bbox 462 2078 665 2157; x_wconf 83' lang='lat' dir='ltr'><strong>revolutaque</strong></span> <span class='ocrx_word' id='word_1_131' title='bbox 679 2096 788 2138; x_wconf 85' lang='lat' dir='ltr'><strong>rursus</strong></span> <span class='ocrx_word' id='word_1_132' title='bbox 802 2078 911 2138; x_wconf 89' lang='lat' dir='ltr'><strong>eodem</strong></span> <span class='ocrx_word' id='word_1_133' title='bbox 926 2080 982 2138; x_wconf 89' lang='lat' dir='ltr'><strong>est.</strong></span> <span class='ocrx_word' id='word_1_134' title='bbox 1245 2081 1282 2138; x_wconf 87' lang='grc'><strong>63</strong></span> 
     </span>
    </p>
   </div>
   <div class='ocr_carea' id='block_1_3' title="bbox 182 2174 1283 2744">
    <p class='ocr_par' dir='ltr' id='par_1_13' title="bbox 182 2174 1283 2744">
     <span class='ocr_line' id='line_1_21' title="bbox 265 2174 1283 2260; baseline -0.001 -24"><span class='ocrx_word' id='word_1_135' title='bbox 265 2175 416 2236; x_wconf 89' lang='lat' dir='ltr'><strong>Orantem</strong></span> <span class='ocrx_word' id='word_1_136' title='bbox 431 2175 612 2256; x_wconf 80' lang='lat' dir='ltr'><strong>frustraque</strong></span> <span class='ocrx_word' id='word_1_137' title='bbox 628 2174 743 2236; x_wconf 90' lang='lat' dir='ltr'><strong>iterum</strong></span> <span class='ocrx_word' id='word_1_138' title='bbox 761 2175 895 2260; x_wconf 81' lang='lat' dir='ltr'><strong>transire</strong></span> <span class='ocrx_word' id='word_1_139' title='bbox 910 2175 1068 2236; x_wconf 87' lang='lat' dir='ltr'><strong>volentem</strong></span> <span class='ocrx_word' id='word_1_140' title='bbox 1244 2177 1283 2238; x_wconf 76' lang='grc'><strong>72</strong></span> 
     </span>
     <span class='ocr_line' id='line_1_22' title="bbox 182 2273 974 2354; baseline 0.001 -21"><span class='ocrx_word' id='word_1_141' title='bbox 182 2273 319 2354; x_wconf 89' lang='lat' dir='ltr'><strong>portitor</strong></span> <span class='ocrx_word' id='word_1_142' title='bbox 333 2277 485 2334; x_wconf 90' lang='lat' dir='ltr'><strong>arcuerat.</strong></span> <span class='ocrx_word' id='word_1_143' title='bbox 532 2273 659 2354; x_wconf 83' lang='lat' dir='ltr'><strong>Septem</strong></span> <span class='ocrx_word' id='word_1_144' title='bbox 674 2276 781 2334; x_wconf 89' lang='lat' dir='ltr'><strong>tamen</strong></span> <span class='ocrx_word' id='word_1_145' title='bbox 797 2273 850 2335; x_wconf 92' lang='lat' dir='ltr'><strong>ille</strong></span> <span class='ocrx_word' id='word_1_146' title='bbox 864 2273 974 2334; x_wconf 90' lang='lat' dir='ltr'><strong>diebus</strong></span> 
     </span>
     <span class='ocr_line' id='line_1_23' title="bbox 183 2365 951 2451; baseline -0.001 -19"><span class='ocrx_word' id='word_1_147' title='bbox 183 2369 346 2450; x_wconf 90' lang='lat' dir='ltr'><strong>squalidus</strong></span> <span class='ocrx_word' id='word_1_148' title='bbox 360 2370 395 2431; x_wconf 91' lang='lat' dir='ltr'><strong>in</strong></span> <span class='ocrx_word' id='word_1_149' title='bbox 409 2370 478 2451; x_wconf 91' lang='lat' dir='ltr'><strong>ripa</strong></span> <span class='ocrx_word' id='word_1_150' title='bbox 493 2370 614 2432; x_wconf 79' lang='lat' dir='ltr'><strong>Cereris</strong></span> <span class='ocrx_word' id='word_1_151' title='bbox 628 2371 695 2432; x_wconf 91' lang='lat' dir='ltr'><strong>sine</strong></span> <span class='ocrx_word' id='word_1_152' title='bbox 710 2391 841 2432; x_wconf 90' lang='lat' dir='ltr'><strong>munere</strong></span> <span class='ocrx_word' id='word_1_153' title='bbox 855 2365 951 2432; x_wconf 81' lang='lat' dir='ltr'><strong>sedit:</strong></span> 
     </span>
     <span class='ocr_line' id='line_1_24' title="bbox 183 2468 1281 2549; baseline -0.004 -19"><span class='ocrx_word' id='word_1_154' title='bbox 183 2487 260 2530; x_wconf 87' lang='lat' dir='ltr'><strong>cura</strong></span> <span class='ocrx_word' id='word_1_155' title='bbox 273 2469 424 2548; x_wconf 92' lang='lat' dir='ltr'><strong>dolorque</strong></span> <span class='ocrx_word' id='word_1_156' title='bbox 438 2468 538 2529; x_wconf 90' lang='lat' dir='ltr'><strong>animi</strong></span> <span class='ocrx_word' id='word_1_157' title='bbox 551 2468 760 2549; x_wconf 87' lang='lat' dir='ltr'><strong>lacrimaeque</strong></span> <span class='ocrx_word' id='word_1_158' title='bbox 774 2469 926 2530; x_wconf 89' lang='lat' dir='ltr'><strong>alimenta</strong></span> <span class='ocrx_word' id='word_1_159' title='bbox 939 2469 1040 2530; x_wconf 80' lang='lat' dir='ltr'><strong>fuere.</strong></span> <span class='ocrx_word' id='word_1_160' title='bbox 1244 2469 1281 2530; x_wconf 77' lang='grc'><strong>75</strong></span> 
     </span>
     <span class='ocr_line' id='line_1_25' title="bbox 184 2565 932 2646; baseline -0.003 -18"><span class='ocrx_word' id='word_1_161' title='bbox 184 2565 260 2628; x_wconf 88' lang='lat' dir='ltr'><strong>Esse</strong></span> <span class='ocrx_word' id='word_1_162' title='bbox 275 2567 348 2627; x_wconf 90' lang='lat' dir='ltr'><strong>deos</strong></span> <span class='ocrx_word' id='word_1_163' title='bbox 363 2565 458 2626; x_wconf 85' lang='lat' dir='ltr'><strong>Erebi</strong></span> <span class='ocrx_word' id='word_1_164' title='bbox 473 2565 614 2628; x_wconf 88' lang='lat' dir='ltr'><strong>crudeles</strong></span> <span class='ocrx_word' id='word_1_165' title='bbox 629 2569 768 2646; x_wconf 89' lang='lat' dir='ltr'><strong>questus,</strong></span> <span class='ocrx_word' id='word_1_166' title='bbox 785 2565 820 2627; x_wconf 91' lang='lat' dir='ltr'><strong>in</strong></span> <span class='ocrx_word' id='word_1_167' title='bbox 834 2566 932 2627; x_wconf 89' lang='lat' dir='ltr'><strong>altam</strong></span> 
     </span>
     <span class='ocr_line' id='line_1_26' title="bbox 184 2660 1137 2744; baseline -0.001 -20"><span class='ocrx_word' id='word_1_168' title='bbox 184 2681 215 2724; x_wconf 90' lang='lat' dir='ltr'><strong>se</strong></span> <span class='ocrx_word' id='word_1_169' title='bbox 230 2660 343 2743; x_wconf 89' lang='lat' dir='ltr'><strong>recipit</strong></span> <span class='ocrx_word' id='word_1_170' title='bbox 357 2661 532 2742; x_wconf 86' lang='lat' dir='ltr'><strong>Rhodopen</strong></span> <span class='ocrx_word' id='word_1_171' title='bbox 546 2661 737 2743; x_wconf 90' lang='lat' dir='ltr'><strong>pulsumque</strong></span> <span class='ocrx_word' id='word_1_172' title='bbox 751 2661 953 2744; x_wconf 89' lang='lat' dir='ltr'><strong>aquilonibus</strong></span> <span class='ocrx_word' id='word_1_173' title='bbox 967 2661 1137 2723; x_wconf 87' lang='lat' dir='ltr'><strong>Haemum.</strong></span> 
     </span>
    </p>
   </div>
   <div class='ocr_carea' id='block_1_4' title="bbox 585 2999 888 3239">
    <p class='ocr_par' dir='ltr' id='par_1_14' title="bbox 585 2999 888 3239">
     <span class='ocr_line' id='line_1_27' title="bbox 606 2999 858 3061; baseline 0.016 -4"><span class='ocrx_word' id='word_1_174' title='bbox 606 3000 653 3061; x_wconf 65' lang='lat'><strong>12.</strong></span> <span class='ocrx_word' id='word_1_175' title='bbox 700 2999 858 3061; x_wconf 80' lang='lat' dir='ltr'><strong><em>MIDAS.</em></strong></span> 
     </span>
     <span class='ocr_line' id='line_1_28' title="bbox 585 3181 888 3239; baseline 0.007 -2"><span class='ocrx_word' id='word_1_176' title='bbox 585 3193 662 3238; x_wconf 84' lang='lat' dir='ltr'><strong>nnn.</strong></span> <span class='ocrx_word' id='word_1_177' title='bbox 687 3193 734 3238; x_wconf 87' lang='lat' dir='ltr'><strong>xr.</strong></span> <span class='ocrx_word' id='word_1_178' title='bbox 759 3181 888 3239; x_wconf 83' lang='lat'>85-145.</span> 
     </span>
    </p>
   </div>
   <div class='ocr_carea' id='block_1_5' title="bbox 185 3352 1286 4018">
    <p class='ocr_par' dir='ltr' id='par_1_15' title="bbox 185 3352 1283 3727">
     <span class='ocr_line' id='line_1_29' title="bbox 265 3352 1283 3434; baseline -0.002 -18"><span class='ocrx_word' id='word_1_179' title='bbox 265 3355 333 3417; x_wconf 89' lang='lat' dir='ltr'><strong>Nec</strong></span> <span class='ocrx_word' id='word_1_180' title='bbox 348 3353 423 3416; x_wconf 91' lang='lat' dir='ltr'><strong>satis</strong></span> <span class='ocrx_word' id='word_1_181' title='bbox 437 3354 497 3416; x_wconf 93' lang='lat' dir='ltr'><strong>hoc</strong></span> <span class='ocrx_word' id='word_1_182' title='bbox 512 3354 636 3416; x_wconf 91' lang='lat' dir='ltr'><strong>Baccho</strong></span> <span class='ocrx_word' id='word_1_183' title='bbox 650 3357 713 3416; x_wconf 92' lang='lat' dir='ltr'><strong>est:</strong></span> <span class='ocrx_word' id='word_1_184' title='bbox 735 3354 818 3433; x_wconf 86' lang='lat' dir='ltr'><strong>ipsos</strong></span> <span class='ocrx_word' id='word_1_185' title='bbox 833 3373 956 3434; x_wconf 93' lang='lat' dir='ltr'><strong>quoqne</strong></span> <span class='ocrx_word' id='word_1_186' title='bbox 971 3352 1086 3415; x_wconf 87' lang='lat' dir='ltr'><strong>deserit</strong></span> <span class='ocrx_word' id='word_1_187' title='bbox 1099 3372 1191 3433; x_wconf 80' lang='lat' dir='ltr'><strong>agros</strong></span> <span class='ocrx_word' id='word_1_188' title='bbox 1245 3356 1283 3414; x_wconf 88' lang='grc'><strong>85</strong></span> 
     </span>
     <span class='ocr_line' id='line_1_30' title="bbox 185 3450 889 3533; baseline -0.003 -20"><span class='ocrx_word' id='word_1_189' title='bbox 185 3471 320 3533; x_wconf 91' lang='lat' dir='ltr'><strong>cumque</strong></span> <span class='ocrx_word' id='word_1_190' title='bbox 335 3451 431 3512; x_wconf 88' lang='lat' dir='ltr'><strong>choro</strong></span> <span class='ocrx_word' id='word_1_191' title='bbox 445 3450 572 3513; x_wconf 89' lang='lat' dir='ltr'><strong>meliore</strong></span> <span class='ocrx_word' id='word_1_192' title='bbox 587 3451 636 3512; x_wconf 93' lang='lat' dir='ltr'><strong>sui</strong></span> <span class='ocrx_word' id='word_1_193' title='bbox 651 3451 758 3520; x_wconf 71' lang='lat' dir='ltr'><strong>uineta</strong></span> <span class='ocrx_word' id='word_1_194' title='bbox 773 3450 889 3512; x_wconf 83' lang='lat' dir='ltr'><strong>Timoli</strong></span> 
     </span>
     <span class='ocr_line' id='line_1_31' title="bbox 186 3546 944 3627; baseline -0.003 -18"><span class='ocrx_word' id='word_1_195' title='bbox 186 3548 400 3627; x_wconf 86' lang='lat' dir='ltr'><strong>Pactolonque</strong></span> <span class='ocrx_word' id='word_1_196' title='bbox 414 3548 506 3626; x_wconf 90' lang='lat' dir='ltr'><strong>petit,</strong></span> <span class='ocrx_word' id='word_1_197' title='bbox 525 3547 668 3627; x_wconf 85' lang='lat' dir='ltr'><strong>quamvis</strong></span> <span class='ocrx_word' id='word_1_198' title='bbox 682 3567 747 3608; x_wconf 90' lang='lat' dir='ltr'><strong>non</strong></span> <span class='ocrx_word' id='word_1_199' title='bbox 762 3567 875 3608; x_wconf 88' lang='lat' dir='ltr'><strong>aureus</strong></span> <span class='ocrx_word' id='word_1_200' title='bbox 888 3546 944 3607; x_wconf 94' lang='lat' dir='ltr'><strong>illo</strong></span> 
     </span>
     <span class='ocr_line' id='line_1_32' title="bbox 186 3643 912 3727; baseline -0.006 -19"><span class='ocrx_word' id='word_1_201' title='bbox 186 3650 327 3727; x_wconf 91' lang='lat' dir='ltr'><strong>tempore</strong></span> <span class='ocrx_word' id='word_1_202' title='bbox 341 3665 400 3707; x_wconf 92' lang='lat' dir='ltr'><strong>nec</strong></span> <span class='ocrx_word' id='word_1_203' title='bbox 414 3644 493 3705; x_wconf 87' lang='lat' dir='ltr'><strong>caris</strong></span> <span class='ocrx_word' id='word_1_204' title='bbox 507 3648 574 3706; x_wconf 90' lang='lat' dir='ltr'><strong>erat</strong></span> <span class='ocrx_word' id='word_1_205' title='bbox 588 3644 762 3706; x_wconf 86' lang='lat' dir='ltr'><strong>invidiosus</strong></span> <span class='ocrx_word' id='word_1_206' title='bbox 776 3643 912 3705; x_wconf 87' lang='lat' dir='ltr'><strong>harenis.</strong></span> 
     </span>
    </p>

    <p class='ocr_par' dir='ltr' id='par_1_16' title="bbox 186 3741 1286 4018">
     <span class='ocr_line' id='line_1_33' title="bbox 267 3741 1190 3822; baseline -0.002 -18"><span class='ocrx_word' id='word_1_207' title='bbox 267 3744 364 3805; x_wconf 92' lang='lat' dir='ltr'><strong>Hunc</strong></span> <span class='ocrx_word' id='word_1_208' title='bbox 379 3743 509 3804; x_wconf 87' lang='lat' dir='ltr'><strong>adsueta</strong></span> <span class='ocrx_word' id='word_1_209' title='bbox 523 3743 633 3805; x_wconf 89' lang='lat' dir='ltr'><strong>cohors</strong></span> <span class='ocrx_word' id='word_1_210' title='bbox 647 3743 744 3822; x_wconf 86' lang='lat' dir='ltr'><strong>satyri</strong></span> <span class='ocrx_word' id='word_1_211' title='bbox 758 3741 954 3821; x_wconf 89' lang='lat' dir='ltr'><strong>bacchaeque</strong></span> <span class='ocrx_word' id='word_1_212' title='bbox 969 3741 1190 3820; x_wconf 81' lang='lat' dir='ltr'><strong>frequentant:</strong></span> 
     </span>
     <span class='ocr_line' id='line_1_34' title="bbox 186 3839 1286 3919; baseline -0.005 -15"><span class='ocrx_word' id='word_1_213' title='bbox 186 3845 220 3904; x_wconf 88' lang='lat' dir='ltr'><strong>at</strong></span> <span class='ocrx_word' id='word_1_214' title='bbox 235 3841 360 3902; x_wconf 81' lang='lat' dir='ltr'><strong>Silenus</strong></span> <span class='ocrx_word' id='word_1_215' title='bbox 374 3840 471 3901; x_wconf 87' lang='lat' dir='ltr'><strong>abest.</strong></span> <span class='ocrx_word' id='word_1_216' title='bbox 517 3839 723 3902; x_wconf 75' lang='lat' dir='ltr'><strong>&#39;titubantem</strong></span> <span class='ocrx_word' id='word_1_217' title='bbox 740 3839 892 3919; x_wconf 87' lang='lat' dir='ltr'><strong>annisque</strong></span> <span class='ocrx_word' id='word_1_218' title='bbox 907 3856 1055 3917; x_wconf 88' lang='lat' dir='ltr'><strong>meroque</strong></span> <span class='ocrx_word' id='word_1_219' title='bbox 1248 3841 1286 3898; x_wconf 90' lang='grc'><strong>90</strong></span> 
     </span>
     <span class='ocr_line' id='line_1_35' title="bbox 187 3935 976 4018; baseline -0.005 -18"><span class='ocrx_word' id='word_1_220' title='bbox 187 3937 340 4000; x_wconf 89' lang='lat' dir='ltr'><strong>ruricolae</strong></span> <span class='ocrx_word' id='word_1_221' title='bbox 354 3956 463 4018; x_wconf 86' lang='lat' dir='ltr'><strong>cepere</strong></span> <span class='ocrx_word' id='word_1_222' title='bbox 478 3936 619 4017; x_wconf 87' lang='lat' dir='ltr'><strong>Phryges</strong></span> <span class='ocrx_word' id='word_1_223' title='bbox 634 3936 838 4017; x_wconf 86' lang='lat' dir='ltr'><strong>vinctumque</strong></span> <span class='ocrx_word' id='word_1_224' title='bbox 853 3935 976 3998; x_wconf 89' lang='lat' dir='ltr'><strong>coronis</strong></span> 
     </span>
    </p>
   </div>
   <div class='ocr_carea' id='block_1_6' title="bbox 0 0 1489 4380">
    <p class='ocr_par' dir='ltr' id='par_1_17' title="bbox 0 0 1489 4380">
     <span class='ocr_line' id='line_1_36' title="bbox 0 0 1489 4380; baseline 0 0"><span class='ocrx_word' id='word_1_225' title='bbox 0 0 1489 4380; x_wconf 95' lang='lat' dir='ltr'><strong> </strong></span> 
     </span>
    </p>
   </div>
  </div>
 </body>
</html>
