2964 4380
211 245 252 308 34
409 244 438 287 P.
462 243 577 288 OVIDII
598 243 749 290 NASONIS
770 242 933 289 CARMINA
956 243 1112 290 SELECTA.

210 391 358 454 militiam
374 393 458 467 ficto,
476 393 575 455 donec
590 393 748 454 sollertior
762 393 833 468 isto,

209 491 263 553 sed
279 489 338 552 sibi
353 490 498 553 inutilior
513 490 619 553 timidi
630 495 810 553 commenta
824 491 940 553 retexit

209 588 404 669 Naupliades
418 589 517 650 animi
533 589 693 670 vitataque
712 589 810 650 traxit
824 590 864 650 ad
879 592 991 651 arma?

211 685 342 766 Optima
356 706 434 747 num
449 690 564 761 sumat,
582 687 656 768 quia
671 707 793 748 sumere
810 688 914 748 noluit
930 689 1018 749 ulla?
1270 693 1309 752 40

209 803 267 845 nos
281 783 463 846 inhonorati
479 790 512 846 et
526 786 618 846 donis
632 785 829 865 patruelibus
845 785 923 859 orbi,

210 881 384 944 obtulimus
399 882 473 962 quia
488 901 543 944 nos
558 884 597 944 ad
612 883 715 963 prima
729 883 880 962 pericula,
898 883 1020 943 simus?

292 978 419 1059 ‘Atque
434 979 558 1041 utinam
573 984 629 1041 aut
643 1000 734 1041 verus
749 981 840 1040 furor
854 978 917 1053 ille,
935 983 992 1039 aut
1006 980 1144 1041 creditus
1157 985 1247 1054 esset,

209 1095 268 1136 uec
282 1095 385 1138 comes
399 1076 453 1137 hic
468 1076 621 1156 Phrygias
634 1097 787 1158 umquam
801 1076 937 1137 venisset
951 1077 990 1137 ad
1006 1096 1090 1138 arces

209 1172 354 1233 hortator
368 1174 534 1235 scelerum!
578 1175 652 1235 Non
667 1179 709 1246 te,
727 1173 878 1234 Poeantia
892 1173 1005 1256 proles,
1270 1177 1310 1236 45

210 1270 388 1349 expositum
404 1271 540 1331 Lemnos
555 1275 663 1331 nostro
677 1290 751 1331 cum
766 1270 898 1331 crimine
915 1270 1057 1332 haberet!

211 1366 272 1440 Qui
288 1387 385 1442 nunc,
402 1372 440 1428 ut
454 1371 640 1442 memorant,
659 1367 853 1429 silvestribus
867 1367 995 1430 abditus
1009 1368 1108 1430 antris

210 1484 283 1525 saxa
297 1485 403 1526 moves
413 1466 533 1544 gemitu
550 1465 798 1546 Laertiadaeque
813 1466 949 1546 precaris

210 1582 289 1642 quae
303 1562 435 1638 meruit;
458 1581 547 1643 quae,
565 1563 589 1624 si
605 1562 637 1624 di
653 1567 739 1636 sunt,
757 1583 822 1624 nou
837 1583 917 1624 vana
931 1563 1078 1643 precaris.

210 1660 254 1721 Et
269 1680 356 1722 nunc
370 1661 424 1721 ille
438 1661 547 1722 eadem
561 1661 651 1722 nobis
667 1661 789 1722 iuratus
804 1661 837 1721 in
852 1680 949 1732 arma,
993 1709 995 1714 ,

209 1757 287 1819 heu!
310 1778 382 1838 pars
397 1778 460 1820 una
474 1758 604 1831 ducum,
619 1778 681 1838 quo
695 1763 869 1820 successore
885 1758 1020 1838 sagittae

210 1855 358 1916 Herculis
373 1859 521 1929 utuntur,
538 1856 659 1916 fractus
674 1856 845 1936 morboque
860 1857 1006 1936 fameque

209 1953 394 2033 velaturque
408 1952 566 2033 aliturque
581 1953 701 2026 avibus,
719 1953 922 2033 volucresque
937 1953 1074 2032 petendo

210 2050 316 2111 debita
331 2049 476 2111 Troianis
491 2053 614 2112 exercet
628 2049 750 2130 spicula
764 2050 849 2110 16116.

210 2147 268 2209 1116
284 2152 389 2209 tamen
405 2148 494 2222 vivit,
512 2148 665 2228 quianon
680 2147 844 2209 comitavit
858 2148 992 2209 Ulixen:

210 2245 318 2306 mallet
333 2249 364 2306 et
379 2245 492 2306 infelix
507 2245 689 2306 Palamedes
704 2265 767 2306 esse
783 2245 923 2305 relictus.
994 2279 996 2282 ·

209 2341 339 2404 Viveret
353 2346 410 2404 aut
423 2345 507 2404 certe
521 2342 622 2403 letum
637 2341 704 2403 sine
719 2341 852 2403 crimine
867 2342 1011 2404 haberet!

210 2439 311 2513 Quem
326 2440 407 2500 male
421 2439 557 2501 convicti
574 2439 710 2500 nimium
725 2460 846 2501 memor
860 2438 919 2500 iste
934 2439 1052 2500 furoris

208 2537 340 2617 prodere
355 2557 421 2598 rem
437 2538 580 2598 Danaam
596 2536 689 2598 tinxit
704 2537 877 2617 fictumque
892 2537 1038 2617 probavit

208 2634 328 2696 crimen
343 2639 375 2696 et
391 2633 538 2708 ostendit,
557 2635 641 2714 quod
656 2634 719 2695 iam
733 2635 945 2714 praefoderat,
963 2653 1089 2695 aurum.

209 2732 295 2810 Ergo
309 2736 365 2794 aut
379 2732 488 2794 exsilio
502 2732 584 2793 vires
597 2731 750 2793 subduxit
765 2731 906 2805 Achivis,

208 2839 264 2891 aut
279 2850 368 2891 nece:
392 2829 435 2891 616
449 2833 583 2910 pugnat,
601 2830 645 2890 616
659 2832 707 2890 661
722 2831 911 2891 metuendus
926 2830 1047 2891 Ulixes.

291 2926 373 3002 ‘Qui
387 2928 462 2988 licet
476 2926 600 3007 eloquio
615 2927 715 2987 lidum
731 2946 855 3007 quoque
870 2927 1005 2988 Nestora
1020 2926 1136 2999 vincat,

207 3025 293 3086 haud
309 3027 416 3085 tamen
431 3023 555 3098 efficiet,
573 3025 732 3085 desertum
747 3027 784 3084 ut
799 3025 934 3085 Nestora
949 3024 1068 3084 crimen

207 3142 271 3183 esse
287 3141 353 3182 rear
369 3121 506 3182 nullum.
553 3120 702 3196 Quicum
718 3121 901 3201 imploraret
916 3121 1035 3183 Ulixen

207 3220 337 3280 vulnere
352 3219 462 3280 tardus
477 3219 548 3300 equi
564 3219 725 3299 fessusque
745 3218 896 3280 senilibus
911 3219 1012 3292 annis,

207 3316 352 3396 proditus
367 3336 385 3376 a
398 3316 482 3377 66616
496 3321 553 3376 661.
598 3317 672 3377 Non
686 3316 763 3377 haec
778 3316 857 3377 mihi
872 3317 1007 3378 crimina
1020 3314 1099 3395 fingi

207 3412 267 3474 scit
282 3413 360 3474 bene
376 3413 524 3493 Tydides,
543 3413 596 3494 qni
611 3413 740 3475 nomine
754 3433 846 3494 saepe
859 3419 1006 3475 vocatum

206 3508 363 3588 corripuit
379 3509 564 3589 trepidoque
578 3510 689 3588 fugam
704 3509 905 3589 exprobravit
919 3510 1030 3571 amice.

208 3606 402 3686 Adspiciunt
417 3605 516 3667 oculis
531 3605 635 3686 superi
652 3606 798 3667 mortalia
812 3606 913 3668 iustis.

207 3703 259 3764 En
276 3707 347 3782 eget
362 3703 490 3777 auxilio,
509 3703 642 3783 quinon
659 3703 744 3776 tulit,
762 3707 860 3784 utque
875 3703 1015 3785 reliquit,

208 3801 252 3862 sie
266 3801 461 3881 linquendus
475 3804 556 3862 erat:
579 3801 680 3879 legem
695 3800 754 3862 sibi
770 3802 892 3862 dixerat
908 3801 985 3882 ipse.

209 3897 395 3960 Conclamat
409 3898 517 3960 socios.
560 3898 684 3959 Adsum
699 3899 851 3980 videoque
866 3902 1054 3962 trementem

207 3995 443 4077 pallentemque
458 3998 545 4056 metu
560 3998 592 4056 61
609 3994 818 4075 trepidantem
833 4002 935 4059 morte
949 3998 1068 4058 futura.
