2964 4380
192 218 236 280 44
392 214 419 259 r.
445 213 559 259 ovrnrr
582 213 732 260 NASONIS
753 213 915 260 casurus
937 212 1092 260 euasere.

193 366 318 428 Aeneae
332 365 487 446 genetrix,
504 364 585 428 vidit
600 384 724 445 quoque
740 364 829 426 triste
844 364 948 445 parari

194 464 337 545 pontifici
351 464 452 526 letum
465 467 498 526 et
511 463 676 526 coniurata
689 483 776 524 arma
790 461 919 536 moveri,

194 560 312 641 palluit
327 563 359 622 et
374 559 512 634 cunctis,
528 564 568 621 ut
582 559 699 639 cuique
714 562 783 619 eret
797 557 900 637 obria,
918 557 1000 620 divis

197 656 375 737 ‘Adspice’
389 656 517 718 dicebat
535 658 676 736 ‘quanta
689 654 770 715 mihi
785 655 869 716 mole
883 659 1039 735 parentur
1168 644 1170 648 ’
1233 660 1290 720 765

194 754 339 827 insidiae,
358 755 542 833 quantaque
558 756 656 832 caput
672 771 746 813 cum
760 752 875 813 fraude
890 755 1031 832 petatur,

194 852 282 932 quod
297 851 336 912 de
352 850 515 912 Dardanio
530 850 635 911 solum
649 848 730 910 mihi
744 852 845 911 restat
861 849 943 911 Iulo.

195 948 310 1010 Solane
325 967 450 1028 semper
465 967 518 1008 ero
532 947 627 1009 iustis
642 946 782 1008 exercita
797 946 910 1008 curis?

194 1065 291 1126 quam
306 1045 402 1107 modo
418 1045 561 1126 Tydidae
577 1043 754 1124 Calydonia
767 1044 916 1106 vulneret
930 1043 1034 1118 hasta,

193 1161 281 1203 urano
296 1143 379 1204 male
396 1129 545 1204 defensae
560 1142 764 1203 confundant
779 1141 905 1202 moenia
920 1141 1034 1203 Troiae
1047 1162 1056 1218 ;
1232 1143 1291 1205 770

194 1259 275 1319 quae
290 1239 416 1301 videam
431 1243 546 1300 natum
559 1238 665 1319 longis
680 1239 840 1300 erroribus
855 1242 965 1299 actum

193 1336 371 1417 iactarique
386 1337 470 1398 freto
486 1337 640 1417 sedesque
655 1336 776 1397 intrare
791 1335 956 1409 silentum,

194 1434 341 1514 bellaque
356 1452 430 1495 curu
446 1434 557 1495 Turno
572 1453 692 1514 gerere,
710 1435 778 1506 aut,
796 1432 822 1493 si
836 1452 912 1494 vera
926 1432 1079 1507 fatemur,

194 1551 267 1593 cum
285 1532 409 1593 Iunone
424 1530 553 1611 magis?
595 1530 680 1605 Quid
694 1550 782 1591 nunc
796 1529 931 1610 antiqua
945 1530 1096 1591 recordor

195 1628 311 1690 damna
326 1629 389 1690 mei
404 1627 558 1709 generis?
599 1627 710 1689 Timor
724 1627 778 1688 hic
793 1628 975 1689 meminisse
990 1627 1135 1709 priorum
1231 1629 1289 1691 775

194 1745 260 1787 non
275 1726 374 1787 sinit:
397 1745 436 1788 en
452 1725 523 1787 acui
539 1726 708 1787 sceleratos
724 1724 855 1786 cernitis
871 1745 970 1786 auses.

194 1822 280 1898 Quos
295 1823 474 1903 prohibete,
491 1822 822 1903 precor,¹fecinusque
837 1822 994 1902 repellite,
1012 1841 1092 1883 neve

195 1920 290 1981 caede
305 1919 479 1982 sacerdotis
493 1920 637 1981 flammas
652 1917 850 1998 exstinguite
864 1919 982 1982 Vestae
996 1917 1025 1980 l’

274 2012 363 2075 Talia
376 2013 568 2094 nequiquam
583 2016 650 2075 toto
665 2013 774 2075 Venus
787 2013 882 2074 anxia
895 2013 980 2074 caelo

192 2112 285 2174 verba
299 2111 384 2186 iacit,
401 2131 591 2193 superosque
604 2114 724 2186 movet3
747 2110 801 2190 qui
816 2130 962 2190 rumpere
978 2128 1169 2190 quamquam
1229 2111 1287 2174 780

192 2211 294 2272 ferrea
308 2229 372 2271 non
387 2212 519 2290 possunt
532 2212 675 2270 veterum
689 2209 814 2269 decreta
829 2227 981 2281 sororum,

193 2309 283 2387 signa
296 2314 403 2369 amen
417 2307 524 2368 luctus
538 2307 617 2367 dant
630 2306 714 2367 baud
731 2305 851 2367 ineerta
866 2305 981 2366 futuri.

192 2405 292 2466 Arma
305 2406 416 2466 ierunt
430 2403 514 2464 inter
527 2403 633 2482 nigras
647 2403 835 2483 crepitantia
848 2403 948 2464 nubes

168 2511 171 2518 '
193 2503 408 2582 terribilesque
423 2502 524 2575 tubas,
541 2501 711 2581 auditaque
725 2520 843 2562 cornua
857 2501 942 2562 caelo

193 2601 425 2682 praemonuisse
439 2598 537 2660 nefas.
582 2598 662 2660 Solis
677 2617 801 2678 quoque
816 2598 916 2660 tristis
930 2599 1034 2678 imago
1229 2600 1286 2660 785

192 2698 298 2760 lurida
311 2697 453 2759 sollicitis
467 2696 635 2777 praebebat
649 2696 771 2757 lumina
784 2696 885 2758 terris.

194 2796 291 2877 Saepe
306 2797 389 2857 faces
402 2793 485 2855 visae
500 2792 611 2854 mediis
625 2794 733 2854 ardere
747 2794 805 2855 sub
819 2793 921 2869 astris,

193 2899 284 2973 saepe
298 2893 383 2954 inter
396 2890 520 2953 nimbos
534 2894 643 2970 guttae
657 2890 796 2952 cecidere
810 2894 969 2952 cruentae.

195 2990 346 3053 Caerulus
359 2992 391 3051 et
405 2989 530 3051 vultum
545 2987 708 3067 ferrugine
723 2987 854 3049 Lucifer
868 2992 936 3049 atra

194 3092 317 3168 sparsus
331 3090 409 3160 erat,
422 3085 520 3167 sparsi
534 3085 676 3149 Lunares
691 3089 848 3168 sanguine
864 3103 986 3148 currus.
1231 3085 1289 3148 790

194 3184 311 3246 Tristia
325 3183 411 3244 mille
426 3182 501 3244 locis
517 3181 645 3262 Stygius
659 3182 748 3243 dedit
763 3182 869 3242 omina
883 3182 976 3249 bubo,
1147 3175 1155 3184 ”

194 3282 281 3342 mille
294 3279 371 3342 locis
384 3278 562 3341 lacrimavit
575 3279 662 3352 ebur,
679 3282 853 3358 cautusque
867 3280 1018 3340 feruntur

194 3378 296 3441 auditi
311 3378 426 3439 sanctis
440 3382 472 3439 et
485 3377 579 3439 verba
593 3376 749 3437 minantia
762 3377 852 3438 lucis.

195 3475 336 3538 Victima
349 3475 439 3536 nulla
451 3475 534 3548 litat,
551 3493 743 3553 magnosque
760 3473 877 3536 instare
891 3474 1051 3535 tumultus

195 3574 274 3634 fibra
287 3576 405 3647 monet,
423 3590 609 3651 caesumque
624 3574 721 3650 caput
735 3571 892 3651 reperitur
905 3571 939 3632 in
954 3571 1049 3646 extis3
1232 3571 1290 3631 795

195 3671 291 3751 inque
304 3672 374 3732 ioro
389 3669 569 3750 circumque
583 3670 692 3730 domos
706 3672 738 3730 et
753 3669 873 3749 templa
887 3669 1017 3730 deorum

195 3772 368 3831 uoctumos
381 3767 516 3829 ululasse
531 3787 632 3840 canes,
650 3766 839 3846 umbrasque
853 3766 1003 3828 silentum

196 3866 343 3930 erravisse
357 3867 478 3940 terunt,
494 3870 675 3946 motamque
690 3864 878 3926 tremoribus
891 3864 1014 3925 urbem.

277 3965 352 4028 Non
367 3967 474 4028 tamen
488 3963 617 4028 insidias
631 3965 826 4044 venturaque
837 3962 963 4026 vincere
976 3962 1044 4024 iata
