<?xml version="1.0" encoding="UTF-8"?>
<!DOCTYPE html PUBLIC "-//W3C//DTD XHTML 1.0 Transitional//EN"
    "http://www.w3.org/TR/xhtml1/DTD/xhtml1-transitional.dtd">
<html xmlns="http://www.w3.org/1999/xhtml" xml:lang="en" lang="en">
 <head>
  <title>
</title>
<meta http-equiv="Content-Type" content="text/html;charset=utf-8" />
  <meta name='ocr-system' content='tesseract 3.04.00' />
  <meta name='ocr-capabilities' content='ocr_page ocr_carea ocr_par ocr_line ocrx_word'/>
</head>
<body>
  <div class='ocr_page' id='page_1' title='image "./selectionsfromo02ovidgoog_0032.png"; bbox 0 0 2964 4380; ppageno 0'>
   <div class='ocr_carea' id='block_1_1' title="bbox 507 215 921 261">
    <p class='ocr_par' dir='ltr' id='par_1_1' title="bbox 507 215 921 261">
     <span class='ocr_line' id='line_1_1' title="bbox 507 215 921 261; baseline -0.002 0"><span class='ocrx_word' id='word_1_1' title='bbox 507 215 670 261; x_wconf 66' lang='lat' dir='ltr'>Picenus</span> <span class='ocrx_word' id='word_1_2' title='bbox 692 215 768 260; x_wconf 76' lang='lat' dir='ltr'>AND</span> <span class='ocrx_word' id='word_1_3' title='bbox 789 215 921 261; x_wconf 75' lang='lat' dir='ltr'><strong>THISBE.</strong></span> 
     </span>
    </p>
   </div>
   <div class='ocr_carea' id='block_1_2' title="bbox 163 365 1265 2393">
    <p class='ocr_par' dir='ltr' id='par_1_2' title="bbox 163 365 1033 739">
     <span class='ocr_line' id='line_1_2' title="bbox 163 365 989 450; baseline -0.007 -18"><span class='ocrx_word' id='word_1_4' title='bbox 163 369 230 432; x_wconf 81' lang='lat' dir='ltr'>sire</span> <span class='ocrx_word' id='word_1_5' title='bbox 243 368 350 443; x_wconf 90' lang='lat' dir='ltr'>timor,</span> <span class='ocrx_word' id='word_1_6' title='bbox 366 367 549 450; x_wconf 89' lang='lat' dir='ltr'>primusque</span> <span class='ocrx_word' id='word_1_7' title='bbox 565 367 682 428; x_wconf 91' lang='lat' dir='ltr'>Medon</span> <span class='ocrx_word' id='word_1_8' title='bbox 696 365 871 446; x_wconf 77' lang='lat' dir='ltr'><strong>nigrescere</strong></span> <span class='ocrx_word' id='word_1_9' title='bbox 885 365 989 446; x_wconf 91' lang='lat' dir='ltr'>coepit</span> 
     </span>
     <span class='ocr_line' id='line_1_3' title="bbox 163 463 927 546; baseline -0.007 -18"><span class='ocrx_word' id='word_1_10' title='bbox 163 486 294 546; x_wconf 91' lang='lat' dir='ltr'>corpore</span> <span class='ocrx_word' id='word_1_11' title='bbox 308 469 341 527; x_wconf 91' lang='lat' dir='ltr'>et</span> <span class='ocrx_word' id='word_1_12' title='bbox 355 485 498 546; x_wconf 84' lang='lat' dir='ltr'>expresso</span> <span class='ocrx_word' id='word_1_13' title='bbox 513 464 621 545; x_wconf 90' lang='lat' dir='ltr'>spinae</span> <span class='ocrx_word' id='word_1_14' title='bbox 635 463 818 525; x_wconf 89' lang='lat' dir='ltr'>curvamine</span> <span class='ocrx_word' id='word_1_15' title='bbox 833 463 927 524; x_wconf 88' lang='lat' dir='ltr'>flecti.</span> 
     </span>
     <span class='ocr_line' id='line_1_4' title="bbox 163 560 1033 644; baseline -0.003 -20"><span class='ocrx_word' id='word_1_16' title='bbox 163 563 286 644; x_wconf 84' lang='lat' dir='ltr'>Incipit</span> <span class='ocrx_word' id='word_1_17' title='bbox 299 562 375 623; x_wconf 91' lang='lat' dir='ltr'>huic</span> <span class='ocrx_word' id='word_1_18' title='bbox 390 562 542 642; x_wconf 75' lang='lat' dir='ltr'>Lycabas:</span> <span class='ocrx_word' id='word_1_19' title='bbox 567 562 586 590; x_wconf 92' lang='lat'><strong>“</strong></span> <span class='ocrx_word' id='word_1_20' title='bbox 602 561 641 622; x_wconf 93' lang='lat' dir='ltr'>In</span> <span class='ocrx_word' id='word_1_21' title='bbox 656 581 734 642; x_wconf 90' lang='lat' dir='ltr'>quae</span> <span class='ocrx_word' id='word_1_22' title='bbox 748 561 901 622; x_wconf 88' lang='lat' dir='ltr'>miracula</span> <span class='ocrx_word' id='word_1_23' title='bbox 913 561 934 590; x_wconf 92' lang='lat'>&#39;&#39;</span> <span class='ocrx_word' id='word_1_24' title='bbox 950 560 1033 622; x_wconf 82' lang='lat' dir='ltr'>dixit</span> 
     </span>
     <span class='ocr_line' id='line_1_5' title="bbox 166 658 948 739; baseline -0.005 -17"><span class='ocrx_word' id='word_1_25' title='bbox 166 661 189 690; x_wconf 89' lang='lat'>“</span> <span class='ocrx_word' id='word_1_26' title='bbox 201 660 354 727; x_wconf 73' lang='lat' dir='ltr'>verteris?</span> <span class='ocrx_word' id='word_1_27' title='bbox 366 661 387 689; x_wconf 94' lang='lat'>”</span> <span class='ocrx_word' id='word_1_28' title='bbox 410 664 442 721; x_wconf 85' lang='lat' dir='ltr'>et</span> <span class='ocrx_word' id='word_1_29' title='bbox 457 660 513 720; x_wconf 85' lang='lat' dir='ltr'>lati</span> <span class='ocrx_word' id='word_1_30' title='bbox 528 659 627 720; x_wconf 87' lang='lat' dir='ltr'>rictus</span> <span class='ocrx_word' id='word_1_31' title='bbox 640 663 672 720; x_wconf 85' lang='lat' dir='ltr'>et</span> <span class='ocrx_word' id='word_1_32' title='bbox 686 660 791 739; x_wconf 90' lang='lat' dir='ltr'>panda</span> <span class='ocrx_word' id='word_1_33' title='bbox 805 658 948 739; x_wconf 79' lang='lat' dir='ltr'>loquenti</span> 
     </span>
    </p>

    <p class='ocr_par' dir='ltr' id='par_1_3' title="bbox 164 755 980 837">
     <span class='ocr_line' id='line_1_6' title="bbox 164 755 980 837; baseline -0.005 -18"><span class='ocrx_word' id='word_1_34' title='bbox 164 758 251 820; x_wconf 91' lang='lat' dir='ltr'>naris</span> <span class='ocrx_word' id='word_1_35' title='bbox 264 762 341 831; x_wconf 89' lang='lat' dir='ltr'>erat,</span> <span class='ocrx_word' id='word_1_36' title='bbox 359 777 585 837; x_wconf 80' lang='lat' dir='ltr'><strong>squamamque</strong></span> <span class='ocrx_word' id='word_1_37' title='bbox 599 757 681 818; x_wconf 89' lang='lat' dir='ltr'>cutis</span> <span class='ocrx_word' id='word_1_38' title='bbox 694 757 809 818; x_wconf 89' lang='lat' dir='ltr'>durata</span> <span class='ocrx_word' id='word_1_39' title='bbox 824 755 980 817; x_wconf 88' lang='lat' dir='ltr'>trahebat.</span> 
     </span>
    </p>

    <p class='ocr_par' dir='ltr' id='par_1_4' title="bbox 164 854 973 936">
     <span class='ocr_line' id='line_1_7' title="bbox 164 854 973 936; baseline -0.002 -20"><span class='ocrx_word' id='word_1_40' title='bbox 164 856 211 916; x_wconf 92' lang='lat' dir='ltr'>At</span> <span class='ocrx_word' id='word_1_41' title='bbox 226 855 322 936; x_wconf 88' lang='lat' dir='ltr'>Libys</span> <span class='ocrx_word' id='word_1_42' title='bbox 335 856 495 916; x_wconf 77' lang='lat' dir='ltr'>obstantes</span> <span class='ocrx_word' id='word_1_43' title='bbox 509 855 587 914; x_wconf 91' lang='lat' dir='ltr'>dum</span> <span class='ocrx_word' id='word_1_44' title='bbox 601 854 672 915; x_wconf 86' lang='lat' dir='ltr'>vult</span> <span class='ocrx_word' id='word_1_45' title='bbox 685 855 847 916; x_wconf 86' lang='lat' dir='ltr'>obvertere</span> <span class='ocrx_word' id='word_1_46' title='bbox 861 873 973 927; x_wconf 83' lang='lat' dir='ltr'>remos,</span> 
     </span>
    </p>

    <p class='ocr_par' dir='ltr' id='par_1_5' title="bbox 164 951 945 1033">
     <span class='ocr_line' id='line_1_8' title="bbox 164 951 945 1033; baseline -0.004 -20"><span class='ocrx_word' id='word_1_47' title='bbox 164 952 200 1013; x_wconf 90' lang='lat' dir='ltr'>in</span> <span class='ocrx_word' id='word_1_48' title='bbox 215 953 351 1033; x_wconf 89' lang='lat' dir='ltr'>spatium</span> <span class='ocrx_word' id='word_1_49' title='bbox 369 952 487 1013; x_wconf 88' lang='lat' dir='ltr'>resilire</span> <span class='ocrx_word' id='word_1_50' title='bbox 501 971 614 1013; x_wconf 91' lang='lat' dir='ltr'>manus</span> <span class='ocrx_word' id='word_1_51' title='bbox 628 952 720 1012; x_wconf 87' lang='lat' dir='ltr'>breve</span> <span class='ocrx_word' id='word_1_52' title='bbox 733 951 817 1012; x_wconf 86' lang='lat' dir='ltr'>vidit</span> <span class='ocrx_word' id='word_1_53' title='bbox 829 954 862 1012; x_wconf 89' lang='lat' dir='ltr'>et</span> <span class='ocrx_word' id='word_1_54' title='bbox 876 951 945 1011; x_wconf 86' lang='lat' dir='ltr'>illas</span> 
     </span>
    </p>

    <p class='ocr_par' dir='ltr' id='par_1_6' title="bbox 164 1047 1059 1519">
     <span class='ocr_line' id='line_1_9' title="bbox 165 1047 965 1129; baseline -0.003 -19"><span class='ocrx_word' id='word_1_55' title='bbox 165 1050 230 1110; x_wconf 87' lang='lat' dir='ltr'>iam</span> <span class='ocrx_word' id='word_1_56' title='bbox 245 1069 309 1110; x_wconf 95' lang='lat' dir='ltr'>non</span> <span class='ocrx_word' id='word_1_57' title='bbox 323 1069 387 1110; x_wconf 90' lang='lat' dir='ltr'>esse</span> <span class='ocrx_word' id='word_1_58' title='bbox 403 1069 526 1123; x_wconf 90' lang='lat' dir='ltr'>manus,</span> <span class='ocrx_word' id='word_1_59' title='bbox 543 1048 606 1110; x_wconf 90' lang='lat' dir='ltr'>iam</span> <span class='ocrx_word' id='word_1_60' title='bbox 621 1049 735 1129; x_wconf 82' lang='lat' dir='ltr'>pinnas</span> <span class='ocrx_word' id='word_1_61' title='bbox 749 1067 837 1128; x_wconf 90' lang='lat' dir='ltr'>posse</span> <span class='ocrx_word' id='word_1_62' title='bbox 852 1047 965 1109; x_wconf 87' lang='lat' dir='ltr'>vocari.</span> 
     </span>
     <span class='ocr_line' id='line_1_10' title="bbox 164 1145 984 1226; baseline -0.002 -19"><span class='ocrx_word' id='word_1_63' title='bbox 164 1147 268 1220; x_wconf 85' lang='lat' dir='ltr'>Alter,</span> <span class='ocrx_word' id='word_1_64' title='bbox 285 1147 325 1207; x_wconf 90' lang='lat' dir='ltr'>ad</span> <span class='ocrx_word' id='word_1_65' title='bbox 340 1147 475 1207; x_wconf 89' lang='lat' dir='ltr'>intortos</span> <span class='ocrx_word' id='word_1_66' title='bbox 489 1147 620 1226; x_wconf 88' lang='lat' dir='ltr'>cupiens</span> <span class='ocrx_word' id='word_1_67' title='bbox 633 1146 707 1207; x_wconf 89' lang='lat' dir='ltr'>dare</span> <span class='ocrx_word' id='word_1_68' title='bbox 721 1145 867 1206; x_wconf 89' lang='lat' dir='ltr'>bracchia</span> <span class='ocrx_word' id='word_1_69' title='bbox 880 1146 984 1218; x_wconf 81' lang='lat' dir='ltr'>funes,</span> 
     </span>
     <span class='ocr_line' id='line_1_11' title="bbox 166 1241 1059 1324; baseline -0.003 -19"><span class='ocrx_word' id='word_1_70' title='bbox 166 1243 311 1305; x_wconf 87' lang='lat' dir='ltr'>bracchia</span> <span class='ocrx_word' id='word_1_71' title='bbox 326 1263 390 1305; x_wconf 91' lang='lat' dir='ltr'>non</span> <span class='ocrx_word' id='word_1_72' title='bbox 405 1243 527 1317; x_wconf 89' lang='lat' dir='ltr'>habuit,</span> <span class='ocrx_word' id='word_1_73' title='bbox 545 1247 721 1324; x_wconf 87' lang='lat' dir='ltr'>truncoque</span> <span class='ocrx_word' id='word_1_74' title='bbox 736 1243 895 1323; x_wconf 86' lang='lat' dir='ltr'>repandus</span> <span class='ocrx_word' id='word_1_75' title='bbox 910 1243 942 1302; x_wconf 91' lang='lat' dir='ltr'>in</span> <span class='ocrx_word' id='word_1_76' title='bbox 957 1241 1059 1303; x_wconf 88' lang='lat' dir='ltr'>undas</span> 
     </span>
     <span class='ocr_line' id='line_1_12' title="bbox 165 1339 961 1422; baseline -0.004 -20"><span class='ocrx_word' id='word_1_77' title='bbox 165 1361 295 1422; x_wconf 88' lang='lat' dir='ltr'>corpore</span> <span class='ocrx_word' id='word_1_78' title='bbox 309 1341 453 1402; x_wconf 87' lang='lat' dir='ltr'>desiluit:</span> <span class='ocrx_word' id='word_1_79' title='bbox 475 1341 590 1402; x_wconf 72' lang='lat' dir='ltr'>falcata</span> <span class='ocrx_word' id='word_1_80' title='bbox 607 1341 776 1402; x_wconf 86' lang='lat' dir='ltr'>novissima</span> <span class='ocrx_word' id='word_1_81' title='bbox 790 1339 890 1400; x_wconf 88' lang='lat' dir='ltr'>cauda</span> <span class='ocrx_word' id='word_1_82' title='bbox 904 1343 961 1413; x_wconf 85' lang='lat' dir='ltr'>est,</span> 
     </span>
     <span class='ocr_line' id='line_1_13' title="bbox 165 1439 869 1519; baseline -0.001 -20"><span class='ocrx_word' id='word_1_83' title='bbox 165 1439 273 1519; x_wconf 89' lang='lat' dir='ltr'>qualia</span> <span class='ocrx_word' id='word_1_84' title='bbox 287 1439 436 1499; x_wconf 89' lang='lat' dir='ltr'>dimidiae</span> <span class='ocrx_word' id='word_1_85' title='bbox 451 1439 620 1500; x_wconf 89' lang='lat' dir='ltr'>sinuantur</span> <span class='ocrx_word' id='word_1_86' title='bbox 633 1458 752 1499; x_wconf 88' lang='lat' dir='ltr'>cornua</span> <span class='ocrx_word' id='word_1_87' title='bbox 766 1439 869 1498; x_wconf 89' lang='lat' dir='ltr'>lunae.</span> 
     </span>
    </p>

    <p class='ocr_par' dir='ltr' id='par_1_7' title="bbox 165 1535 1082 1908">
     <span class='ocr_line' id='line_1_14' title="bbox 165 1535 1026 1616; baseline -0.005 -19"><span class='ocrx_word' id='word_1_88' title='bbox 165 1535 319 1616; x_wconf 87' lang='lat' dir='ltr'>Undique</span> <span class='ocrx_word' id='word_1_89' title='bbox 334 1536 413 1597; x_wconf 87' lang='lat' dir='ltr'>dant</span> <span class='ocrx_word' id='word_1_90' title='bbox 427 1536 525 1596; x_wconf 90' lang='lat' dir='ltr'>saltus</span> <span class='ocrx_word' id='word_1_91' title='bbox 539 1535 703 1616; x_wconf 86' lang='lat' dir='ltr'>multaque</span> <span class='ocrx_word' id='word_1_92' title='bbox 717 1535 903 1615; x_wconf 83' lang='lat' dir='ltr'>adspergine</span> <span class='ocrx_word' id='word_1_93' title='bbox 918 1536 1026 1595; x_wconf 86' lang='lat' dir='ltr'>rorant</span> 
     </span>
     <span class='ocr_line' id='line_1_15' title="bbox 166 1631 1082 1714; baseline -0.005 -19"><span class='ocrx_word' id='word_1_94' title='bbox 166 1637 396 1714; x_wconf 83' lang='lat' dir='ltr'>emerguntque</span> <span class='ocrx_word' id='word_1_95' title='bbox 411 1631 526 1694; x_wconf 88' lang='lat' dir='ltr'>iterum</span> <span class='ocrx_word' id='word_1_96' title='bbox 541 1634 739 1714; x_wconf 88' lang='lat' dir='ltr'>redeuntque</span> <span class='ocrx_word' id='word_1_97' title='bbox 754 1633 811 1693; x_wconf 94' lang='lat' dir='ltr'>sub</span> <span class='ocrx_word' id='word_1_98' title='bbox 825 1651 961 1712; x_wconf 87' lang='lat' dir='ltr'>aequora</span> <span class='ocrx_word' id='word_1_99' title='bbox 975 1651 1082 1691; x_wconf 89' lang='lat' dir='ltr'>rursus</span> 
     </span>
     <span class='ocr_line' id='line_1_16' title="bbox 166 1729 973 1810; baseline -0.002 -20"><span class='ocrx_word' id='word_1_100' title='bbox 166 1730 263 1810; x_wconf 91' lang='lat' dir='ltr'>inque</span> <span class='ocrx_word' id='word_1_101' title='bbox 278 1730 366 1791; x_wconf 91' lang='lat' dir='ltr'>chori</span> <span class='ocrx_word' id='word_1_102' title='bbox 380 1731 499 1791; x_wconf 92' lang='lat' dir='ltr'>ludunt</span> <span class='ocrx_word' id='word_1_103' title='bbox 513 1730 648 1810; x_wconf 91' lang='lat' dir='ltr'>speciem</span> <span class='ocrx_word' id='word_1_104' title='bbox 664 1729 839 1810; x_wconf 89' lang='lat' dir='ltr'>lascivaque</span> <span class='ocrx_word' id='word_1_105' title='bbox 854 1729 973 1790; x_wconf 85' lang='lat' dir='ltr'>iactant</span> 
     </span>
     <span class='ocr_line' id='line_1_17' title="bbox 166 1826 1027 1908; baseline -0.003 -20"><span class='ocrx_word' id='word_1_106' title='bbox 166 1847 297 1908; x_wconf 87' lang='lat' dir='ltr'>corpora</span> <span class='ocrx_word' id='word_1_107' title='bbox 311 1832 343 1889; x_wconf 92' lang='lat' dir='ltr'>et</span> <span class='ocrx_word' id='word_1_108' title='bbox 357 1831 521 1908; x_wconf 90' lang='lat' dir='ltr'>acceptum</span> <span class='ocrx_word' id='word_1_109' title='bbox 535 1827 654 1908; x_wconf 88' lang='lat' dir='ltr'>patulis</span> <span class='ocrx_word' id='word_1_110' title='bbox 668 1847 753 1888; x_wconf 88' lang='lat' dir='ltr'>mare</span> <span class='ocrx_word' id='word_1_111' title='bbox 767 1826 896 1888; x_wconf 86' lang='lat' dir='ltr'>naribus</span> <span class='ocrx_word' id='word_1_112' title='bbox 909 1826 1027 1887; x_wconf 88' lang='lat' dir='ltr'>efflant.</span> 
     </span>
    </p>

    <p class='ocr_par' dir='ltr' id='par_1_8' title="bbox 166 1923 1265 2393">
     <span class='ocr_line' id='line_1_18' title="bbox 250 1923 1049 2005; baseline -0.004 -19"><span class='ocrx_word' id='word_1_113' title='bbox 250 1925 258 1954; x_wconf 86' lang='lat'><em>‘</em></span> <span class='ocrx_word' id='word_1_114' title='bbox 272 1925 320 1986; x_wconf 88' lang='lat' dir='ltr'>De</span> <span class='ocrx_word' id='word_1_115' title='bbox 333 1926 429 1986; x_wconf 93' lang='lat' dir='ltr'>modo</span> <span class='ocrx_word' id='word_1_116' title='bbox 443 1925 559 2005; x_wconf 87' lang='lat' dir='ltr'>viginti</span> <span class='ocrx_word' id='word_1_117' title='bbox 576 1923 639 2005; x_wconf 87' lang='lat' dir='ltr'>(tot</span> <span class='ocrx_word' id='word_1_118' title='bbox 653 1923 738 1985; x_wconf 92' lang='lat' dir='ltr'>enim</span> <span class='ocrx_word' id='word_1_119' title='bbox 754 1924 830 1985; x_wconf 88' lang='lat' dir='ltr'>ratis</span> <span class='ocrx_word' id='word_1_120' title='bbox 845 1923 901 1984; x_wconf 86' lang='lat' dir='ltr'>illa</span> <span class='ocrx_word' id='word_1_121' title='bbox 915 1923 1049 2002; x_wconf 76' lang='lat' dir='ltr'>terebat)</span> 
     </span>
     <span class='ocr_line' id='line_1_19' title="bbox 166 2020 1013 2102; baseline -0.002 -19"><span class='ocrx_word' id='word_1_122' title='bbox 166 2022 322 2083; x_wconf 86' lang='lat' dir='ltr'>restabam</span> <span class='ocrx_word' id='word_1_123' title='bbox 337 2022 430 2083; x_wconf 87' lang='lat' dir='ltr'>solus.</span> <span class='ocrx_word' id='word_1_124' title='bbox 476 2022 631 2083; x_wconf 82' lang='lat' dir='ltr'>Pavidum</span> <span class='ocrx_word' id='word_1_125' title='bbox 646 2021 849 2102; x_wconf 85' lang='lat' dir='ltr'>gelidumque</span> <span class='ocrx_word' id='word_1_126' title='bbox 866 2020 1013 2082; x_wconf 89' lang='lat' dir='ltr'>trementi</span> 
     </span>
     <span class='ocr_line' id='line_1_20' title="bbox 167 2118 1088 2200; baseline -0.004 -18"><span class='ocrx_word' id='word_1_127' title='bbox 167 2139 296 2200; x_wconf 86' lang='lat' dir='ltr'>corpore</span> <span class='ocrx_word' id='word_1_128' title='bbox 311 2119 425 2200; x_wconf 83' lang='lat' dir='ltr'>vixque</span> <span class='ocrx_word' id='word_1_129' title='bbox 440 2139 546 2181; x_wconf 91' lang='lat' dir='ltr'>meum</span> <span class='ocrx_word' id='word_1_130' title='bbox 561 2120 667 2180; x_wconf 88' lang='lat' dir='ltr'>firmat</span> <span class='ocrx_word' id='word_1_131' title='bbox 681 2120 759 2180; x_wconf 87' lang='lat' dir='ltr'>deus</span> <span class='ocrx_word' id='word_1_132' title='bbox 775 2120 796 2147; x_wconf 90' lang='lat'>“</span> <span class='ocrx_word' id='word_1_133' title='bbox 808 2119 931 2180; x_wconf 83' lang='lat' dir='ltr'>Excute</span> <span class='ocrx_word' id='word_1_134' title='bbox 943 2119 964 2148; x_wconf 89' lang='lat'>&#39;&#39;</span> <span class='ocrx_word' id='word_1_135' title='bbox 981 2118 1088 2179; x_wconf 89' lang='lat' dir='ltr'>dicens</span> 
     </span>
     <span class='ocr_line' id='line_1_21' title="bbox 169 2215 1265 2297; baseline -0.002 -19"><span class='ocrx_word' id='word_1_136' title='bbox 169 2217 296 2278; x_wconf 89' lang='lat' dir='ltr'>“corde</span> <span class='ocrx_word' id='word_1_137' title='bbox 311 2222 432 2278; x_wconf 91' lang='lat' dir='ltr'>metum</span> <span class='ocrx_word' id='word_1_138' title='bbox 447 2217 604 2297; x_wconf 86' lang='lat' dir='ltr'>Diamque</span> <span class='ocrx_word' id='word_1_139' title='bbox 619 2217 730 2279; x_wconf 89' lang='lat' dir='ltr'>tene.”</span> <span class='ocrx_word' id='word_1_140' title='bbox 774 2216 906 2278; x_wconf 90' lang='lat' dir='ltr'>Delatus</span> <span class='ocrx_word' id='word_1_141' title='bbox 920 2216 954 2276; x_wconf 90' lang='lat' dir='ltr'>in</span> <span class='ocrx_word' id='word_1_142' title='bbox 969 2215 1056 2277; x_wconf 89' lang='lat' dir='ltr'>illam</span> <span class='ocrx_word' id='word_1_143' title='bbox 1207 2220 1265 2276; x_wconf 87' lang='lat'>690</span> 
     </span>
     <span class='ocr_line' id='line_1_22' title="bbox 167 2313 914 2393; baseline -0.001 -18"><span class='ocrx_word' id='word_1_144' title='bbox 167 2313 281 2376; x_wconf 89' lang='lat' dir='ltr'>accessi</span> <span class='ocrx_word' id='word_1_145' title='bbox 295 2313 390 2375; x_wconf 87' lang='lat' dir='ltr'>sacris</span> <span class='ocrx_word' id='word_1_146' title='bbox 405 2313 607 2393; x_wconf 81' lang='lat' dir='ltr'>Baccheaque</span> <span class='ocrx_word' id='word_1_147' title='bbox 622 2333 708 2375; x_wconf 89' lang='lat' dir='ltr'>sacra</span> <span class='ocrx_word' id='word_1_148' title='bbox 722 2313 914 2393; x_wconf 61' lang='lat' dir='ltr'>frequento!</span> 
     </span>
    </p>
   </div>
   <div class='ocr_carea' id='block_1_3' title="bbox 398 2595 1034 2707">
    <p class='ocr_par' dir='ltr' id='par_1_9' title="bbox 398 2595 1034 2707">
     <span class='ocr_line' id='line_1_23' title="bbox 398 2595 1034 2707; baseline 0.006 -4"><span class='ocrx_word' id='word_1_149' title='bbox 398 2648 426 2707; x_wconf 86' lang='lat'>6.</span> <span class='ocrx_word' id='word_1_150' title='bbox 465 2645 701 2707; x_wconf 79' lang='lat' dir='ltr'><em>PYRAMUS</em></span> <span class='ocrx_word' id='word_1_151' title='bbox 726 2595 825 2705; x_wconf 71' lang='lat' dir='ltr'>AND</span> <span class='ocrx_word' id='word_1_152' title='bbox 859 2645 1034 2707; x_wconf 77' lang='lat' dir='ltr'><em>THISBE.</em></span> 
     </span>
    </p>
   </div>
   <div class='ocr_carea' id='block_1_4' title="bbox 570 2828 863 2884">
    <p class='ocr_par' dir='ltr' id='par_1_10' title="bbox 570 2828 863 2884">
     <span class='ocr_line' id='line_1_24' title="bbox 570 2828 863 2884; baseline 0 -2"><span class='ocrx_word' id='word_1_153' title='bbox 570 2839 646 2883; x_wconf 81' lang='lat' dir='ltr'>nnn.</span> <span class='ocrx_word' id='word_1_154' title='bbox 668 2839 716 2884; x_wconf 90' lang='lat' dir='ltr'>1v.</span> <span class='ocrx_word' id='word_1_155' title='bbox 735 2828 863 2884; x_wconf 76' lang='lat'>55—166.</span> 
     </span>
    </p>
   </div>
   <div class='ocr_carea' id='block_1_5' title="bbox 167 2998 1265 3956">
    <p class='ocr_par' dir='ltr' id='par_1_11' title="bbox 167 2998 1265 3956">
     <span class='ocr_line' id='line_1_25' title="bbox 251 2998 1265 3081; baseline -0.002 -19"><span class='ocrx_word' id='word_1_156' title='bbox 251 2998 404 3080; x_wconf 86' lang='lat' dir='ltr'>Pyramus</span> <span class='ocrx_word' id='word_1_157' title='bbox 417 3004 450 3062; x_wconf 92' lang='lat' dir='ltr'>et</span> <span class='ocrx_word' id='word_1_158' title='bbox 464 3000 591 3074; x_wconf 80' lang='lat' dir='ltr'>Thisbe,</span> <span class='ocrx_word' id='word_1_159' title='bbox 608 3000 760 3061; x_wconf 87' lang='lat' dir='ltr'>iuvenum</span> <span class='ocrx_word' id='word_1_160' title='bbox 775 3000 1007 3081; x_wconf 89' lang='lat' dir='ltr'>pulcherrimus</span> <span class='ocrx_word' id='word_1_161' title='bbox 1021 3001 1110 3073; x_wconf 89' lang='lat' dir='ltr'>alter,</span> <span class='ocrx_word' id='word_1_162' title='bbox 1228 3004 1265 3060; x_wconf 82' lang='lat'>55</span> 
     </span>
     <span class='ocr_line' id='line_1_26' title="bbox 167 3097 918 3179; baseline -0.001 -20"><span class='ocrx_word' id='word_1_163' title='bbox 167 3097 277 3171; x_wconf 87' lang='lat' dir='ltr'>altera,</span> <span class='ocrx_word' id='word_1_164' title='bbox 295 3117 371 3178; x_wconf 89' lang='lat' dir='ltr'>quas</span> <span class='ocrx_word' id='word_1_165' title='bbox 385 3097 488 3159; x_wconf 90' lang='lat' dir='ltr'>oriens</span> <span class='ocrx_word' id='word_1_166' title='bbox 502 3098 624 3171; x_wconf 88' lang='lat' dir='ltr'>habuit,</span> <span class='ocrx_word' id='word_1_167' title='bbox 641 3097 781 3179; x_wconf 87' lang='lat' dir='ltr'>praelata</span> <span class='ocrx_word' id='word_1_168' title='bbox 794 3098 918 3178; x_wconf 88' lang='lat' dir='ltr'>puellis,</span> 
     </span>
     <span class='ocr_line' id='line_1_27' title="bbox 168 3194 927 3274; baseline -0.001 -19"><span class='ocrx_word' id='word_1_169' title='bbox 168 3194 334 3274; x_wconf 88' lang='lat' dir='ltr'>contiguas</span> <span class='ocrx_word' id='word_1_170' title='bbox 348 3199 477 3256; x_wconf 87' lang='lat' dir='ltr'>tenuere</span> <span class='ocrx_word' id='word_1_171' title='bbox 492 3195 612 3269; x_wconf 87' lang='lat' dir='ltr'>domos,</span> <span class='ocrx_word' id='word_1_172' title='bbox 629 3195 683 3256; x_wconf 89' lang='lat' dir='ltr'>ubi</span> <span class='ocrx_word' id='word_1_173' title='bbox 699 3194 817 3255; x_wconf 85' lang='lat' dir='ltr'>dicitur</span> <span class='ocrx_word' id='word_1_174' title='bbox 831 3194 927 3256; x_wconf 89' lang='lat' dir='ltr'>altam</span> 
     </span>
     <span class='ocr_line' id='line_1_28' title="bbox 168 3291 930 3354; baseline 0.001 -3"><span class='ocrx_word' id='word_1_175' title='bbox 168 3291 337 3352; x_wconf 88' lang='lat' dir='ltr'>coctilibus</span> <span class='ocrx_word' id='word_1_176' title='bbox 352 3292 452 3354; x_wconf 90' lang='lat' dir='ltr'>muris</span> <span class='ocrx_word' id='word_1_177' title='bbox 466 3293 600 3354; x_wconf 80' lang='lat' dir='ltr'>cinxisse</span> <span class='ocrx_word' id='word_1_178' title='bbox 616 3292 796 3354; x_wconf 83' lang='lat' dir='ltr'>Semiramis</span> <span class='ocrx_word' id='word_1_179' title='bbox 811 3292 930 3353; x_wconf 88' lang='lat' dir='ltr'>urbem.</span> 
     </span>
     <span class='ocr_line' id='line_1_29' title="bbox 250 3389 973 3470; baseline 0.001 -22"><span class='ocrx_word' id='word_1_180' title='bbox 250 3389 409 3450; x_wconf 87' lang='lat' dir='ltr'>Notitiam</span> <span class='ocrx_word' id='word_1_181' title='bbox 424 3391 606 3470; x_wconf 89' lang='lat' dir='ltr'>primosque</span> <span class='ocrx_word' id='word_1_182' title='bbox 621 3391 737 3470; x_wconf 88' lang='lat' dir='ltr'>gradus</span> <span class='ocrx_word' id='word_1_183' title='bbox 753 3389 868 3450; x_wconf 85' lang='lat' dir='ltr'>vicinia</span> <span class='ocrx_word' id='word_1_184' title='bbox 882 3389 973 3450; x_wconf 81' lang='lat' dir='ltr'>fecit:</span> 
     </span>
     <span class='ocr_line' id='line_1_30' title="bbox 168 3486 1087 3567; baseline 0 -21"><span class='ocrx_word' id='word_1_185' title='bbox 168 3489 311 3566; x_wconf 88' lang='lat' dir='ltr'>tempore</span> <span class='ocrx_word' id='word_1_186' title='bbox 326 3487 424 3547; x_wconf 89' lang='lat' dir='ltr'>crevit</span> <span class='ocrx_word' id='word_1_187' title='bbox 438 3507 535 3548; x_wconf 86' lang='lat' dir='ltr'>amor.</span> <span class='ocrx_word' id='word_1_188' title='bbox 581 3488 702 3548; x_wconf 83' lang='lat' dir='ltr'>Taedae</span> <span class='ocrx_word' id='word_1_189' title='bbox 718 3506 843 3567; x_wconf 90' lang='lat' dir='ltr'>quoque</span> <span class='ocrx_word' id='word_1_190' title='bbox 857 3486 924 3547; x_wconf 86' lang='lat' dir='ltr'>iure</span> <span class='ocrx_word' id='word_1_191' title='bbox 939 3486 1087 3547; x_wconf 85' lang='lat' dir='ltr'>coissent:</span> 
     </span>
     <span class='ocr_line' id='line_1_31' title="bbox 168 3583 986 3664; baseline 0 -20"><span class='ocrx_word' id='word_1_192' title='bbox 168 3583 224 3644; x_wconf 91' lang='lat' dir='ltr'>sed</span> <span class='ocrx_word' id='word_1_193' title='bbox 239 3586 365 3645; x_wconf 87' lang='lat' dir='ltr'>vetuere</span> <span class='ocrx_word' id='word_1_194' title='bbox 380 3589 492 3664; x_wconf 88' lang='lat' dir='ltr'>patres.</span> <span class='ocrx_word' id='word_1_195' title='bbox 538 3583 629 3658; x_wconf 81' lang='lat' dir='ltr'>Quod</span> <span class='ocrx_word' id='word_1_196' title='bbox 644 3605 709 3645; x_wconf 90' lang='lat' dir='ltr'>uon</span> <span class='ocrx_word' id='word_1_197' title='bbox 726 3588 857 3664; x_wconf 88' lang='lat' dir='ltr'>potuere</span> <span class='ocrx_word' id='word_1_198' title='bbox 872 3588 986 3658; x_wconf 85' lang='lat' dir='ltr'>vetare,</span> 
     </span>
     <span class='ocr_line' id='line_1_32' title="bbox 168 3681 895 3761; baseline 0.001 -20"><span class='ocrx_word' id='word_1_199' title='bbox 168 3699 207 3741; x_wconf 85' lang='lat' dir='ltr'>ex</span> <span class='ocrx_word' id='word_1_200' title='bbox 222 3699 322 3760; x_wconf 91' lang='lat' dir='ltr'>aequo</span> <span class='ocrx_word' id='word_1_201' title='bbox 337 3681 438 3761; x_wconf 88' lang='lat' dir='ltr'>captis</span> <span class='ocrx_word' id='word_1_202' title='bbox 452 3682 604 3742; x_wconf 87' lang='lat' dir='ltr'>ardebant</span> <span class='ocrx_word' id='word_1_203' title='bbox 618 3681 779 3742; x_wconf 88' lang='lat' dir='ltr'>mentibus</span> <span class='ocrx_word' id='word_1_204' title='bbox 794 3681 895 3742; x_wconf 82' lang='lat' dir='ltr'>ambo.</span> 
     </span>
     <span class='ocr_line' id='line_1_33' title="bbox 170 3777 1036 3859; baseline -0.002 -20"><span class='ocrx_word' id='word_1_205' title='bbox 170 3777 324 3839; x_wconf 79' lang='lat' dir='ltr'>Conscius</span> <span class='ocrx_word' id='word_1_206' title='bbox 337 3779 440 3840; x_wconf 90' lang='lat' dir='ltr'>omnis</span> <span class='ocrx_word' id='word_1_207' title='bbox 454 3779 555 3840; x_wconf 87' lang='lat' dir='ltr'>abest:</span> <span class='ocrx_word' id='word_1_208' title='bbox 578 3783 660 3839; x_wconf 85' lang='lat' dir='ltr'>nutu</span> <span class='ocrx_word' id='word_1_209' title='bbox 675 3779 836 3859; x_wconf 87' lang='lat' dir='ltr'>signisque</span> <span class='ocrx_word' id='word_1_210' title='bbox 850 3778 1036 3857; x_wconf 87' lang='lat' dir='ltr'>loquuntur,</span> 
     </span>
     <span class='ocr_line' id='line_1_34' title="bbox 168 3874 1031 3956; baseline -0.002 -20"><span class='ocrx_word' id='word_1_211' title='bbox 168 3894 295 3956; x_wconf 90' lang='lat' dir='ltr'>quoque</span> <span class='ocrx_word' id='word_1_212' title='bbox 309 3875 411 3956; x_wconf 88' lang='lat' dir='ltr'>magis</span> <span class='ocrx_word' id='word_1_213' title='bbox 425 3877 555 3956; x_wconf 83' lang='lat' dir='ltr'>tegitur,</span> <span class='ocrx_word' id='word_1_214' title='bbox 573 3881 676 3938; x_wconf 87' lang='lat' dir='ltr'>tectus</span> <span class='ocrx_word' id='word_1_215' title='bbox 690 3875 790 3953; x_wconf 89' lang='lat' dir='ltr'>magis</span> <span class='ocrx_word' id='word_1_216' title='bbox 804 3880 926 3936; x_wconf 88' lang='lat' dir='ltr'>aestuat</span> <span class='ocrx_word' id='word_1_217' title='bbox 940 3874 1031 3952; x_wconf 88' lang='lat' dir='ltr'>ignis.</span> 
     </span>
    </p>
   </div>
   <div class='ocr_carea' id='block_1_6' title="bbox 251 3971 1013 4112">
    <p class='ocr_par' dir='ltr' id='par_1_12' title="bbox 251 3971 1013 4112">
     <span class='ocr_line' id='line_1_35' title="bbox 251 3971 1013 4053; baseline -0.008 -19"><span class='ocrx_word' id='word_1_218' title='bbox 251 3971 361 4034; x_wconf 82' lang='lat' dir='ltr'>Fissus</span> <span class='ocrx_word' id='word_1_219' title='bbox 375 3985 442 4034; x_wconf 87' lang='lat' dir='ltr'>erat</span> <span class='ocrx_word' id='word_1_220' title='bbox 456 3974 546 4035; x_wconf 90' lang='lat' dir='ltr'>tenui</span> <span class='ocrx_word' id='word_1_221' title='bbox 561 3974 651 4048; x_wconf 89' lang='lat' dir='ltr'>rima,</span> <span class='ocrx_word' id='word_1_222' title='bbox 670 3992 764 4053; x_wconf 92' lang='lat' dir='ltr'>quam</span> <span class='ocrx_word' id='word_1_223' title='bbox 779 3973 913 4032; x_wconf 86' lang='lat' dir='ltr'>duxerat</span> <span class='ocrx_word' id='word_1_224' title='bbox 927 3971 1013 4041; x_wconf 87' lang='lat' dir='ltr'>olim,</span> 
     </span>
     <span class='ocr_line' id='line_1_36' title="bbox 356 4061 372 4112; baseline 0 0"><span class='ocrx_word' id='word_1_225' title='bbox 356 4061 372 4112; x_wconf 81' lang='lat'>2</span> 
     </span>
    </p>
   </div>
   <div class='ocr_carea' id='block_1_7' title="bbox 0 0 1493 4380">
    <p class='ocr_par' dir='ltr' id='par_1_13' title="bbox 0 0 1493 4380">
     <span class='ocr_line' id='line_1_37' title="bbox 0 0 1493 4380; baseline 0 0"><span class='ocrx_word' id='word_1_226' title='bbox 0 0 1493 4380; x_wconf 95' lang='lat' dir='ltr'> </span> 
     </span>
    </p>
   </div>
  </div>
 </body>
</html>
