2964 4380
442 244 509 290 THE
531 244 637 290 FLOOD
659 245 699 289 012
722 245 931 292 DEUOALION.

310 466 341 523 a.
384 462 478 522 THE
503 462 656 525 FLOOD
690 465 751 526 OF
773 465 1061 530 DEUOALION.

536 641 613 685 nar.
639 641 662 686 1.
687 629 837 688 aea-415.

217 781 370 846 Protinus
387 782 506 846 Aeoliis
522 783 718 864 Aquilonem
733 785 857 849 claudit
871 783 906 848 in
920 786 1022 849 antris

135 883 169 941 et
185 899 405 961 quaecumque
420 881 538 960 fugant
553 880 703 942 inductas
719 882 848 944 flamina
862 884 975 957 nubes,

136 977 324 1057 emittitque
339 977 473 1038 Notum.
523 977 661 1040 Madidis
677 979 783 1040 Notus
799 980 905 1042 evolat
918 979 988 1054 alis,

135 1073 312 1135 terribilem
325 1073 414 1154 picea
427 1076 530 1134 tectus
544 1074 678 1154 caligine
693 1075 834 1136 vultum:

135 1172 233 1233 barba
246 1171 350 1252 gravis
364 1171 490 1245 nimbis,
507 1171 594 1233 canis
608 1171 681 1233 fluit
694 1173 781 1234 unda
795 1173 927 1254 capillis,

18 1317 19 1322 1
136 1271 243 1331 fronte
257 1270 368 1331 sedent
382 1269 525 1344 nebulae,
542 1274 650 1331 rorant
664 1291 848 1352 pennaeque
863 1271 1021 1353 sinusque,

18 1381 19 1388 ’
136 1367 247 1448 thue
261 1387 358 1428 manu
372 1367 435 1428 late
449 1367 621 1448 pendentia
635 1368 745 1429 nubila
759 1368 884 1449 pressit,

137 1466 174 1525 fit
188 1466 311 1545 fragon
333 1464 409 1526 hinc
423 1464 512 1526 densi
527 1465 712 1527 funduntur
726 1466 765 1527 ab
782 1466 907 1528 aethere
921 1465 1034 1528 nimbi.

138 1562 264 1623 Nuntia
278 1551 413 1624 Iunonis
424 1562 525 1624 varios
538 1562 653 1624 induta
667 1563 784 1624 colores

137 1659 279 1740 concipit
293 1659 352 1721 Iris
366 1679 462 1740 aquas
476 1660 688 1742 alimentaque
702 1661 841 1722 nubibus
854 1661 968 1724 adfert.

139 1756 335 1818 Sternuntur
348 1761 466 1837 segetes
479 1760 512 1819 et
525 1758 688 1838 deplorata
701 1757 820 1820 colonis

139 1858 212 1915 vota
225 1854 339 1929 iacent,
356 1855 505 1936 longique
519 1855 602 1936 perit
616 1855 704 1917 labor
718 1855 834 1917 inritus
847 1856 935 1918 anni.

219 1951 287 2013 Neo
301 1952 385 2014 caelo
399 1957 549 2015 contenta
562 1973 618 2016 suo
632 1957 679 2014 est
694 1953 778 2014 Iovis
792 1954 848 2027 ira,
866 1955 919 2014 sod
934 1953 1026 2015 illum

137 2050 299 2112 caeruleus
312 2050 411 2112 irater
425 2051 514 2112 iuvat
527 2050 733 2113 auxiliaribus
747 2051 851 2112 undis.

139 2145 300 2208 Convocat
313 2146 367 2208 hic
380 2167 496 2208 amnes.
543 2147 604 2222 Qui
619 2152 786 2229 postquam
802 2152 885 2209 tecta
898 2147 1026 2228 tyranni

138 2244 296 2306 intravere
310 2245 370 2319 sui,
389 2245 482 2306 ‘Non
498 2249 545 2306 est
560 2245 738 2307 hortamine
752 2246 848 2325 longo
870 2287 871 2290 =

139 2341 246 2402 nunc'
262 2341 307 2402 ait
324 2341 510 2402 ‘utendum
554 2341 647 2404 Vires
660 2343 816 2404 effundite
832 2347 958 2417 vestras,

138 2439 183 2500 sic
197 2458 277 2519 opus
290 2443 352 2514 est3
373 2439 491 2520 aperite
505 2440 614 2501 domos
628 2459 664 2502 ac
678 2441 760 2502 mole
775 2444 895 2502 remota

139 2535 325 2597 fluminibus
339 2536 448 2598 restris
462 2540 545 2598 totas
559 2536 714 2599 inmittite
729 2537 891 2599 habenas’

138 2634 291 2695 Iusserat:
314 2633 348 2694 hi
363 2634 496 2696 redeunt
510 2654 545 2696 ao
559 2635 703 2696 fontibus
717 2654 771 2697 ora
785 2634 928 2696 relaxant

138 2738 171 2793 et
184 2732 350 2793 defrenato
363 2731 536 2792 volvuntur
549 2731 583 2792 in
598 2751 732 2812 aequora
746 2751 850 2794 cursu.

139 2828 211 2908 lpse
226 2828 365 2889 tridente
378 2848 435 2890 suo
450 2832 566 2890 terram
583 2829 752 2909 percussit:
773 2833 807 2890 at
821 2829 877 2890 illa

140 2925 308 2987 intremuit
321 2930 473 3006 motuque
487 2926 553 2988 vias
566 2926 717 3007 patefecit
731 2947 894 3008 aquarum.

140 3023 326 3104 Exspatiata
339 3026 439 3084 ruunt
452 3043 509 3104 per
522 3027 646 3104 apertos
661 3023 794 3085 flumina
807 3042 934 3103 campos

139 3140 275 3200 cumque
290 3120 364 3181 satis
377 3120 506 3182 arbusta
519 3120 613 3182 simul
628 3121 825 3201 pecudesque
840 3120 983 3200 virosque

139 3221 284 3298 tectaque
299 3237 434 3298 cumque
448 3217 513 3278 suis
526 3218 657 3298 rapiunt
671 3217 846 3298 penetralia
858 3217 964 3278 sacris.

140 3315 238 3396 Siqua
251 3315 364 3376 domus
377 3315 495 3376 mansit
510 3316 677 3396 potuitque
692 3316 833 3377 resistere
848 3318 938 3376 tanto

140 3410 297 3473 indeiecta
310 3412 403 3485 malo,
421 3412 548 3474 culmen
563 3416 667 3473 tamen
684 3412 778 3474 altior
793 3412 888 3473 huius

139 3509 228 3570 unda
242 3508 331 3588 tegit,
348 3528 532 3589 pressaeque
546 3509 647 3570 latent
662 3511 720 3571 sub
735 3510 862 3589 gurgite
876 3513 989 3570 turres.

221 3604 351 3686 Iamque
365 3626 451 3667 mare
465 3610 497 3667 et
511 3606 605 3668 tellus
621 3607 746 3667 nullum
762 3606 933 3668 discrimen
947 3606 1121 3668 habebant:

140 3703 247 3766 omnia
261 3706 379 3784 pontus
392 3706 496 3780 erant;
519 3705 649 3766 deerant
664 3724 788 3785 quoquc
802 3705 896 3766 litora
910 3707 1020 3784 ponto.

142 3801 285 3882 Occupat
299 3801 352 3862 hic
366 3801 489 3876 collem,
506 3803 620 3863 cumba
634 3803 721 3864 sedet
734 3803 815 3864 alter
828 3803 952 3863 adunca

141 3903 174 3960 et
187 3899 278 3961 ducit
292 3919 393 3961 remos
407 3899 483 3974 illic,
500 3899 555 3960 ubi
570 3920 672 3980 nuper
686 3903 800 3970 ararat,

142 3996 195 4058 ille
210 4015 306 4077 supra
319 3999 437 4078 segetes
450 4000 508 4059 aut
522 4017 639 4059 mersae
653 3996 795 4059 eulmina
809 3994 900 4056 villae
