2962 4378
197 254 238 318 42
395 254 423 298 Ρ.
449 253 562 299 OVIDII
584 254 735 302 NASONIS
757 255 919 302 cunum
941 255 1097 305 sanson.

197 423 315 485 perque
329 403 413 466 feros
426 425 514 467 enses
528 424 593 466 non
608 408 735 470 tantum
750 407 874 469 moenia
889 408 1021 485 Troum,

198 520 308 563 verum
323 501 418 563 etiam
433 519 572 564 summas
585 522 671 565 arces
685 504 804 567 intrare
819 526 936 588 suaque

196 600 317 681 eripere
331 601 406 662 aede
421 601 511 662 deam
526 605 711 683 raptamque
726 604 850 666 adferre
865 624 921 685 per
935 605 1063 668 hostes?

198 698 284 774 Quae
299 697 360 760 nisi
374 699 529 773 fecissem,
547 700 666 760 frustra
680 699 853 763 Telamone
868 706 990 764 creatus

196 801 347 878 gestasset
361 798 448 859 laeva
462 801 626 859 taurorum
643 802 766 879 tergora
780 803 911 880 septem.

197 895 258 956 Illa
271 899 364 957 nocte
378 894 458 957 mihi
474 896 585 958 Troiae
600 896 732 958 victoria
746 901 838 978 parta
852 902 908 971 est,

198 992 350 1072 Pergama
364 996 435 1054 tum
449 993 521 1068 vici,
538 1014 612 1054 cum
626 994 711 1055 vinci
730 1014 819 1075 posse
833 995 932 1074 codgi.

280 1090 416 1153 ‘Desine
431 1091 576 1172 Tydiden
591 1092 746 1172 vultuque
760 1096 793 1154 et
807 1112 970 1154 murmure
984 1092 1075 1155 nobis

197 1192 354 1250 ostentare
369 1208 491 1250 meum:
512 1209 585 1269 pars
599 1193 646 1250 est
660 1209 716 1250 sua
729 1189 833 1251 laudis
847 1190 881 1250 in
896 1190 962 1251 illo.

197 1285 230 1346 N
231 1305 265 1346 ec
279 1288 328 1359 tn,
344 1305 418 1347 cum
432 1285 515 1347 socia
529 1285 666 1367 clipeum
681 1306 739 1367 pro
754 1287 849 1348 classe
864 1288 1002 1362 tenebas,

197 1383 281 1444 solus
294 1402 376 1444 eras:
399 1383 457 1444 tibi
472 1384 566 1444 turba
579 1403 692 1458 comes,
710 1383 790 1444 mihi
808 1385 944 1464 contigit
958 1405 1052 1447 unus.

198 1478 259 1554 Qui
274 1480 335 1541 nisi
350 1500 526 1560 pugnacem
541 1481 634 1542 sciret
649 1481 789 1560 sapiente
804 1481 958 1543 minorem

196 1596 261 1638 esse
275 1597 333 1639 nee
347 1577 520 1640 indomitae
535 1577 641 1640 debari
658 1579 798 1659 praemia
811 1579 950 1653 dextrae,

196 1675 262 1755 ipse
278 1695 402 1756 quoque
415 1676 492 1737 haec
506 1679 637 1756 peteret.
682 1676 808 1738 Peteret
822 1676 1012 1738 moderatior
1027 1676 1108 1738 Aiax

197 1772 442 1854 Eurypylusque
456 1774 545 1835 ferox
559 1775 704 1855 claroque
719 1775 943 1835 Andraemone
957 1778 1061 1848 natus,

196 1889 255 1931 nec
269 1869 376 1931 minus
391 1870 579 1933 Idomeneus
593 1871 758 1952 patriaque
773 1875 896 1934 creatus
909 1872 1018 1933 eadem

197 1966 365 2041 Meriones,
381 1972 503 2048 peteret
517 1969 643 2030 maioris
657 1969 757 2030 frater
771 1969 913 2031 Atridae.

198 2064 322 2145 Quippe
336 2085 433 2126 manu
448 2065 556 2139 fortes,
573 2086 632 2127 nec
647 2070 722 2127 sunt
739 2067 819 2127 mihi
834 2067 936 2128 Marte
950 2067 1094 2128 secundi:

197 2161 336 2224 consiliis
349 2183 467 2224 cessere
479 2163 566 2224 meis.
612 2163 685 2224 Tibi
700 2164 829 2225 dextera
842 2164 923 2225 bello

196 2259 300 2320 utilis:
323 2260 489 2341 ingenium
503 2265 560 2335 est,
578 2262 662 2342 quod
677 2265 748 2341 eget
763 2262 976 2324 moderamine
991 2266 1113 2339 nostr03

197 2359 234 2418 tu
248 2357 329 2418 vires
343 2357 411 2418 sine
425 2361 532 2419 mente
546 2359 639 2437 geris,
656 2358 737 2420 mihi
752 2379 828 2420 cura
841 2359 960 2434 iuturi3

197 2458 234 2515 tu
248 2475 390 2536 pugnare
405 2459 504 2536 potes,
521 2457 688 2536 pugnandi
702 2460 845 2537 tempora
858 2476 984 2517 mecum

197 2551 288 2633 eligit
302 2553 446 2628 Atrides3
469 2557 505 2614 tu
521 2557 647 2615 tantum
663 2573 791 2634 corpore
806 2555 929 2633 prodes,

197 2669 254 2711 nos
268 2650 388 2725 animo3
412 2655 592 2731 quantoque
606 2654 706 2712 ratem
722 2651 777 2731 qui
792 2655 959 2731 temperat,
976 2651 1077 2713 anteit

197 2747 325 2827 remigis
339 2747 488 2822 officium,
507 2752 625 2829 quanto
640 2749 706 2808 dux
720 2748 822 2810 milite
836 2749 946 2823 maior,

197 2848 325 2906 tanturn
339 2865 397 2926 ego
411 2848 443 2906 te
457 2865 579 2926 supero.
626 2846 693 2907 Nec
708 2865 772 2906 non
787 2845 821 2906 in
836 2865 965 2926 corpore
976 2850 1083 2907 nostro

196 2947 323 3022 pectora
338 2947 413 3004 sunt
427 2943 549 3024 potiora
563 2964 675 3005 manu:
698 2943 787 3023 vigor
801 2943 904 3004 omnis
918 2942 952 3003 in
967 2942 1039 3004 illis.

279 3041 345 3100 ‘At
358 3061 422 3116 vos,
441 3060 459 3102 ο
473 3060 626 3120 proceres,
643 3040 731 3120 vigili
746 3041 819 3102 date
833 3041 973 3120 praemia
987 3044 1099 3114 vestro,

196 3157 315 3218 proque
330 3141 379 3198 tot
393 3157 548 3218 annorum
564 3158 649 3211 cura,
667 3137 781 3218 quibus
795 3137 908 3198 anxius
921 3138 982 3217 egi,

196 3234 283 3296 hunc
298 3234 431 3295 titulum
446 3235 567 3295 meritis
580 3235 779 3316 pensandum
793 3235 916 3296 reddite
931 3234 1056 3296 nostris.

196 3332 265 3393 Iam
280 3332 367 3393 labor
381 3331 415 3392 in
430 3333 493 3393 fine
507 3336 568 3393 est:
590 3333 747 3394 obstantia
761 3333 828 3394 fata
842 3332 960 3393 removi

196 3430 322 3509 altaque
336 3449 424 3510 posse
438 3430 508 3510 capi
523 3431 669 3491 faciendo
684 3431 836 3510 Pergama
850 3431 928 3511 cepi.

197 3527 257 3588 Per
272 3546 341 3606 spes
355 3547 442 3588 uune
457 3528 553 3588 socias
568 3548 738 3608 casuraque
753 3529 878 3589 moenia
894 3528 1011 3589 Troum

195 3645 313 3705 perque
329 3626 401 3686 deos
415 3646 480 3699 oro,
498 3646 575 3706 quos
589 3625 672 3686 hosti
688 3645 789 3705 nuper
804 3625 917 3699 ademi,

196 3741 253 3803 per
267 3722 371 3803 siquid
386 3728 537 3803 superest,
555 3724 638 3805 quod
654 3723 696 3784 sit
709 3723 867 3802 sapienter
881 3722 1051 3802 agendum,

197 3818 299 3900 siquid
315 3819 420 3881 adhuc
434 3822 537 3882 audax
551 3841 588 3882 ex
603 3819 832 3901 praecipitique
845 3820 1019 3900 petendum
1034 3821 1090 3892 est,

197 3921 262 3979 este
277 3918 339 3979 mei
353 3923 519 3981 memores!
563 3919 631 3980 Aut
645 3918 670 3979 si
686 3916 765 3978 mihi
781 3937 845 3978 non
860 3917 942 3978 dalis
956 3936 1053 3990 arma,

196 4014 272 4076 huic
287 4017 373 4078 date!
387 4017 394 4045 ’
410 4052 450 4061 -
466 4020 498 4077 et
512 4015 651 4078 ostendit
666 4015 793 4096 signum
808 4015 904 4076 fatale
921 4015 1091 4076 Minervae.

1238 611 1297 669 345
